1945 2807
715 192 736 248 (
771 190 813 232 X
832 189 873 231 X
893 188 911 233 1
939 186 967 242 ‘)

135 273 294 373 quot
312 294 608 371 praeterea
627 298 760 340 non
778 272 1228 339 commovisset
1247 319 1262 344 ‚
1293 272 1551 360 quibus-

135 397 262 463 que
302 370 642 436 mortiferae
681 369 982 432 doctrinae
1036 364 1316 429 flammis
1367 365 1552 429 Chri-

135 464 573 530 stianiffimum
594 465 894 547 Regnum
929 482 1063 523 non
1082 454 1520 541 conflagrasset
1539 491 1554 531 ⁴,

138 557 251 621 nifi
287 557 797 620 LUDOVICUS
840 552 1217 615 incendium
1237 550 1555 612 Calvinia-

138 673 224 716 no
243 649 415 712 haud
436 647 925 735 impar,admota
943 643 1136 706 manu
1158 643 1366 705 valide
1387 665 1557 706 com-

138 736 436 830 preffiflet
460 745 476 803 ἓ
513 740 692 819 Qid
711 738 925 802 enim?
957 735 1087 801 Ubi
1109 737 1188 799 d'e
1207 736 1395 798 novis
1424 737 1559 815 Jan⁴

139 834 294 897 senii
315 832 607 917 ‚ejusque
622 829 977 915 gregalium
1006 825 1422 917 opinionibus
1460 850 1559 889 ru*

139 948 284 988 mor
302 922 663 1012 percrebuit
684 969 700 994 ‚
718 944 796 984 an
819 943 951 983 non
973 943 1072 983 eas
1092 922 1172 984 ad
1192 917 1563 1006 supremum

139 1016 262 1080 hoc
282 1015 677 1080 Orthodoxae
719 1014 901 1076 Fidei
934 1010 1249 1076 Tribunal
1283 1009 1565 1074 deferen-

142 1111 253 1171 das
272 1109 828 1193 curavit-,paratus
867 1104 1111 1192 deipfis
1141 1103 1456 1187 judicium
1479 1100 1563 1164 se*

145 1201 288 1287 qui,
330 1198 507 1286 quod
541 1200 762 1260 Petrus
781 1218 894 1283 per
916 1197 1287 1258 Romanum
1307 1193 1564 1256 Pontifi-

144 1313 287 1354 cem
306 1287 792 1377 pronuntiasset?
811 1290 917 1351 An
936 1288 1070 1351 non
1089 1285 1567 1350 saluberrimam

145 1380 508 1445 Innocentii
545 1384 617 1442 X.
669 1379 1060 1442 sanctionem
1100 1427 1116 1452 ,
1155 1402 1278 1467 qua
1312 1378 1567 1465 penitus

146 1473 371 1537 eversae
396 1470 655 1534 vfuerant
673 1518 689 1544 ‚
723 1471 1085 1536 incredibili
1111 1472 1564 1535 veneratione)

147 1567 524 1652 complexus
545 1564 667 1637 est,
702 1566 761 1627 ὃς
799 1564 1023 1648 regalis
1060 1563 1305 1626 Brachii
1338 1562 1569 1626 robore

147 1656 593 1722 confirmavit?
619 1657 796 1743 quod
832 1654 877 1718 fi
906 1655 1201 1718 nonnulli
1233 1654 1571 1717 Haeretico-

149 1773 293 1813 rum
326 1756 584 1809 ⁴morem
620 1748 869 1835 sequuti
922 1746 1208 1831 effugiis,
1247 1747 1567 1834 doloque,

150 1841 319 1903 malo
369 1838 736 1903 concuflam
784 1855 970 1901 tanto
1009 1839 1377 1926 praejudicio
1428 1857 1570 1899 cau‘-

150 1932 280 1994 sam
300 1933 571 1994 retinere
604 1929 811 1993 adhuc
830 1928 1003 2017 posle
1039 1929 1149 1993 fibi
1182 1928 1571 2018 persuasere,

153 2025 347 2110 quam
370 2024 493 2110 pie,
516 2023 573 2085 8(
596 2020 1272 2109 prudenterlaboravit
1288 2039 1387 2094 ‚ut
1412 2019 1573 2083 sum*

152 2137 295 2177 mus
317 2113 849 2194 EcclefiaeJudex,
880 2116 938 2177 8<
957 2115 1254 2199 Magister
1282 2114 1570 2180 tesseram

153 2205 477 2269 Fidelibus
498 2208 693 2281 daret,
715 2206 1041 2295 quaprobi
1063 2230 1094 2268 a
1115 2210 1279 2271 male
1298 2205 1570 2270 sentien-

984 2298 1026 2360 h
1400 2296 1570 2361 tibus
