1945 2807
913 173 928 223 ς’
967 170 1152 212 XXVI
1202 170 1222 224 )

349 256 776 320 LUDOVICI
811 254 1046 324 aerario,
1068 276 1138 316 ac
1156 255 1516 341 patrocinio
1538 254 1767 320 susten-

349 363 515 408 tatos
553 371 570 416 3
621 362 942 433 quotquot
992 345 1082 409 ibi
1131 347 1431 409 Romano
1478 349 1770 411 Pontifici

349 437 867 525 obtemperantes
890 438 1133 520 degunt
1155 484 1169 509 ,
1209 460 1316 500 eos
1333 439 1525 522 Regis
1564 439 1770 502 aufto-

348 531 533 592 ritate
552 553 683 591 non
711 530 907 591 modo
941 528 1018 591 ab
1054 529 1332 591 hostium
1370 530 1612 612 injuriis
1633 531 1772 593 Vin-

349 622 614 692 dicatos,
639 620 851 682 sedita
869 618 1246 682 constitutos
1263 665 1279 691 ,
1313 638 1382 682 ut
1403 621 1772 707 perhonori-

346 711 463 773 fice
485 712 858 783 habeantur,
882 711 1273 798 reliquisque
1295 711 1543 774 civibus
1565 714 1770 775 muni-

349 821 606 876 mento,
645 805 704 866 δῖ’
726 804 939 865 tutelae
967 798 1087 864 esse
1126 800 1355 890 poffint
1376 851 1388 863 .
1440 803 1769 865 Cuinarm

350 900 503 958 vero
543 897 786 958 accidat
809 895 1098 977 ignorare
1137 895 1309 980 apud
1325 895 1772 957 Heterodoxos

349 987 674 1073 Principes
696 987 857 1047 adeo
880 986 1419 1049 LUDOVICUM
1457 987 1655 1069 gratia
1675 1007 1778 1046 va-

352 1076 529 1140 luiffe
548 1124 562 1149 ‚
582 1094 651 1139 ut
671 1078 892 1139 mitius
914 1075 1063 1138 alibi
1085 1098 1235 1137 cum
1257 1075 1483 1138 nostris
1515 1077 1776 1138 aetum-2

352 1167 424 1230 fit
447 1203 461 1239 ‚-
485 1168 633 1232 alibi
652 1167 817 1230 sacra
850 1188 1115 1229 munera
1136 1166 1314 1229 obire
1335 1164 1463 1228 non
1482 1167 1770 1252 prohibi-

350 1262 400 1321 ti
422 1284 439 1331 3
464 1261 521 1322 ἃ
543 1282 745 1346 quum
779 1259 948 1321 haud
972 1255 1161 1322 semel
1199 1256 1546 1320 Catholicae
1570 1256 1772 1322 Urbes

352 1351 418 1411 in
440 1351 903 1412 Haereticorum
922 1349 1303 1434 potestatem
1318 1364 1632 1411 venerunt
1655 1394 1670 1419 ‚
1692 1370 1773 1410 an

350 1465 483 1504 non
501 1463 576 1503 eo
596 1458 856 1503 curante
880 1461 1098 1502 veram
1137 1438 1382 1501 summa
1414 1462 1563 1501 cum
1594 1439 1778 1503 liber-

352 1548 479 1594 tate
499 1534 724 1594 Fidem
756 1532 1154 1595 retinuerunt
1178 1536 1195 1593 ἓ
1245 1531 1564 1614 Cogitatis
1581 1532 1775 1593 Ame-

353 1624 592 1685 ricanas
610 1622 845 1683 Insulas
859 1667 874 1692 ‚
893 1622 1157 1707 illasque
1180 1619 1617 1683 remotiffimas
1635 1643 1773 1683 oras

351 1713 835 1801 propemodum
863 1728 1098 1774 naturae
1130 1711 1413 1793 ignotas?
1449 1714 1519 1772 In
1557 1733 1656 1773 eas
1687 1715 1774 1774 le-

355 1806 532 1887 gavit
553 1851 569 1876 ‚
605 1803 723 1865 suis
746 1802 976 1889 opibus
997 1802 1150 1873 aluit
1169 1846 1184 1871 ,
1212 1802 1450 1865 aedibus
1489 1826 1621 1864 non
1644 1826 1778 1866 uno

355 1895 420 1956 in
440 1898 586 1957 loco
621 1894 886 1956 donavit
925 1892 1257 1975 Euangelii
1294 1894 1653 1956 Prcecones:
1684 1894 1776 1957 ibi

354 1986 626 2072 Templa
663 1984 1045 2056 construxit,
1077 1984 1330 2045 ornavit
1352 1986 1513 2046 Aras
1538 2031 1553 2055 ,
1584 1983 1778 2047 sacro-

354 2098 498 2140 rum
527 2077 800 2139 Rituum
835 2076 1050 2137 decori
1084 2072 1400 2136 consuluit
1421 2120 1433 2134 .
1489 2075 1680 2140 Venit
1707 2077 1776 2138 in

352 2185 642 2232 mentem
679 2164 936 2230 Africa?
984 2165 1184 2230 Dedit
1221 2166 1524 2252 AEgypto
1564 2170 1773 2230 Sacer-

1574 2260 1777 2330 dotes³
