<?xml version="1.0" encoding="UTF-8"?>
<!DOCTYPE html PUBLIC "-//W3C//DTD XHTML 1.0 Transitional//EN"
    "http://www.w3.org/TR/xhtml1/DTD/xhtml1-transitional.dtd">
<html xmlns="http://www.w3.org/1999/xhtml" xml:lang="en" lang="en">
 <head>
  <title>
</title>
<meta http-equiv="Content-Type" content="text/html;charset=utf-8" />
  <meta name='ocr-system' content='tesseract 3.04.00' />
  <meta name='ocr-capabilities' content='ocr_page ocr_carea ocr_par ocr_line ocrx_word'/>
</head>
<body>
  <div class='ocr_page' id='page_1' title='image "./infunereludovici00alam/infunereludovici00alam_0017.png"; bbox 0 0 1945 2807; ppageno 0'>
   <div class='ocr_carea' id='block_1_1' title="bbox 133 180 1563 2364">
    <p class='ocr_par' dir='ltr' id='par_1_1' title="bbox 772 180 926 244">
     <span class='ocr_line' id='line_1_1' title="bbox 772 180 926 244; baseline -0.032 0"><span class='ocrx_word' id='word_1_1' title='bbox 772 185 794 244; x_wconf 87' lang='lat'><strong>(</strong></span> <span class='ocrx_word' id='word_1_2' title='bbox 826 180 870 229; x_wconf 82' lang='lat' dir='ltr'>V</span> <span class='ocrx_word' id='word_1_3' title='bbox 905 181 926 239; x_wconf 89' lang='lat'>)</span> 
     </span>
    </p>

    <p class='ocr_par' dir='ltr' id='par_1_2' title="bbox 133 266 1563 2298">
     <span class='ocr_line' id='line_1_2' title="bbox 135 266 1559 361; baseline -0.004 -19"><span class='ocrx_word' id='word_1_4' title='bbox 135 297 285 344; x_wconf 89' lang='lat' dir='ltr'><strong>rum</strong></span> <span class='ocrx_word' id='word_1_5' title='bbox 315 271 672 338; x_wconf 84' lang='lat' dir='ltr'><strong>vindicatas</strong></span> <span class='ocrx_word' id='word_1_6' title='bbox 701 293 716 332; x_wconf 79' lang='lat' dir='ltr'><strong>t</strong></span> <span class='ocrx_word' id='word_1_7' title='bbox 746 270 883 354; x_wconf 80' lang='lat' dir='ltr'><strong>jura</strong></span> <span class='ocrx_word' id='word_1_8' title='bbox 915 268 998 332; x_wconf 85' lang='lat' dir='ltr'><strong>ad</strong></span> <span class='ocrx_word' id='word_1_9' title='bbox 1035 266 1407 334; x_wconf 87' lang='lat' dir='ltr'><strong>uberiorem</strong></span> <span class='ocrx_word' id='word_1_10' title='bbox 1441 296 1559 361; x_wconf 85' lang='lat' dir='ltr'><strong>po-</strong></span> 
     </span>
     <span class='ocr_line' id='line_1_3' title="bbox 133 357 1561 459; baseline -0.003 -27"><span class='ocrx_word' id='word_1_11' title='bbox 133 369 436 459; x_wconf 88' lang='lat' dir='ltr'><strong>pulorum</strong></span> <span class='ocrx_word' id='word_1_12' title='bbox 454 363 986 452; x_wconf 83' lang='lat' dir='ltr'>tranquillitatem</span> <span class='ocrx_word' id='word_1_13' title='bbox 1015 365 1352 427; x_wconf 83' lang='lat' dir='ltr'><strong>emendata</strong></span> <span class='ocrx_word' id='word_1_14' title='bbox 1389 389 1407 437; x_wconf 84' lang='lat'>3</span> <span class='ocrx_word' id='word_1_15' title='bbox 1452 357 1561 429; x_wconf 57' lang='lat' dir='ltr'><strong>&#39;ne-</strong></span> 
     </span>
     <span class='ocr_line' id='line_1_4' title="bbox 137 456 1558 550; baseline -0.002 -26"><span class='ocrx_word' id='word_1_16' title='bbox 137 483 261 550; x_wconf 88' lang='lat' dir='ltr'><strong>que</strong></span> <span class='ocrx_word' id='word_1_17' title='bbox 286 464 440 524; x_wconf 68' lang='lat' dir='ltr'><strong>verb</strong></span> <span class='ocrx_word' id='word_1_18' title='bbox 465 456 913 521; x_wconf 81' lang='lat' dir='ltr'><strong>incredibilem</strong></span> <span class='ocrx_word' id='word_1_19' title='bbox 933 456 1067 540; x_wconf 89' lang='lat' dir='ltr'><strong>ejus</strong></span> <span class='ocrx_word' id='word_1_20' title='bbox 1086 457 1558 522; x_wconf 58' lang='lat' dir='ltr'><strong>constantiam</strong></span> 
     </span>
     <span class='ocr_line' id='line_1_5' title="bbox 136 547 1560 639; baseline -0.004 -22"><span class='ocrx_word' id='word_1_21' title='bbox 136 557 204 617; x_wconf 89' lang='lat' dir='ltr'><strong>in</strong></span> <span class='ocrx_word' id='word_1_22' title='bbox 225 550 497 616; x_wconf 76' lang='lat' dir='ltr'><strong>adversis</strong></span> <span class='ocrx_word' id='word_1_23' title='bbox 518 549 707 614; x_wconf 83' lang='lat' dir='ltr'><strong>rebus</strong></span> <span class='ocrx_word' id='word_1_24' title='bbox 742 551 774 634; x_wconf 87' lang='lat'>(</span> <span class='ocrx_word' id='word_1_25' title='bbox 798 572 936 639; x_wconf 81' lang='lat' dir='ltr'><strong>quae</strong></span> <span class='ocrx_word' id='word_1_26' title='bbox 974 550 1042 612; x_wconf 91' lang='lat' dir='ltr'><strong>in</strong></span> <span class='ocrx_word' id='word_1_27' title='bbox 1079 547 1423 637; x_wconf 61' lang='lat' dir='ltr'><strong>conspectu</strong></span> <span class='ocrx_word' id='word_1_28' title='bbox 1444 551 1560 612; x_wconf 83' lang='lat' dir='ltr'><strong>im-</strong></span> 
     </span>
     <span class='ocr_line' id='line_1_6' title="bbox 136 640 1563 726; baseline -0.003 -15"><span class='ocrx_word' id='word_1_29' title='bbox 136 644 368 712; x_wconf 81' lang='lat' dir='ltr'><strong>mensae</strong></span> <span class='ocrx_word' id='word_1_30' title='bbox 388 642 710 706; x_wconf 82' lang='lat' dir='ltr'><strong>felicitatis</strong></span> <span class='ocrx_word' id='word_1_31' title='bbox 731 641 1005 706; x_wconf 76' lang='lat' dir='ltr'><strong>&#39;acriores</strong></span> <span class='ocrx_word' id='word_1_32' title='bbox 1024 640 1189 705; x_wconf 42' lang='lat' dir='ltr'><strong>‘fiunt</strong></span> <span class='ocrx_word' id='word_1_33' title='bbox 1211 644 1242 726; x_wconf 88' lang='lat'>)</span> <span class='ocrx_word' id='word_1_34' title='bbox 1281 642 1563 707; x_wconf 79' lang='lat' dir='ltr'><strong>dicendo</strong></span> 
     </span>
     <span class='ocr_line' id='line_1_7' title="bbox 134 735 1563 825; baseline -0.001 -25"><span class='ocrx_word' id='word_1_35' title='bbox 134 758 506 825; x_wconf 82' lang='lat' dir='ltr'><strong>percurram</strong></span> <span class='ocrx_word' id='word_1_36' title='bbox 524 783 538 809; x_wconf 84' lang='lat'>,</span> <span class='ocrx_word' id='word_1_37' title='bbox 561 754 687 823; x_wconf 84' lang='lat' dir='ltr'><strong>qua</strong></span> <span class='ocrx_word' id='word_1_38' title='bbox 708 754 851 808; x_wconf 77' lang='lat' dir='ltr'><strong>una,</strong></span> <span class='ocrx_word' id='word_1_39' title='bbox 871 735 1031 797; x_wconf 89' lang='lat' dir='ltr'><strong>dum</strong></span> <span class='ocrx_word' id='word_1_40' title='bbox 1049 735 1288 798; x_wconf 84' lang='lat' dir='ltr'><strong>caeteris</strong></span> <span class='ocrx_word' id='word_1_41' title='bbox 1312 737 1563 798; x_wconf 74' lang='lat' dir='ltr'><strong>virtuti-</strong></span> 
     </span>
     <span class='ocr_line' id='line_1_8' title="bbox 137 824 1561 916; baseline -0.002 -22"><span class='ocrx_word' id='word_1_42' title='bbox 137 831 255 894; x_wconf 84' lang='lat' dir='ltr'><strong>bus</strong></span> <span class='ocrx_word' id='word_1_43' title='bbox 280 830 568 916; x_wconf 85' lang='lat' dir='ltr'><strong>reliquos</strong></span> <span class='ocrx_word' id='word_1_44' title='bbox 593 828 833 891; x_wconf 82' lang='lat' dir='ltr'><strong>vicerat</strong></span> <span class='ocrx_word' id='word_1_45' title='bbox 856 873 871 900; x_wconf 83' lang='lat'>‚</span> <span class='ocrx_word' id='word_1_46' title='bbox 907 824 1119 914; x_wconf 77' lang='lat' dir='ltr'><strong>seipse</strong></span> <span class='ocrx_word' id='word_1_47' title='bbox 1143 825 1358 891; x_wconf 78' lang='lat' dir='ltr'><strong>viciffe</strong></span> <span class='ocrx_word' id='word_1_48' title='bbox 1392 826 1561 891; x_wconf 76' lang='lat' dir='ltr'><strong>visus</strong></span> 
     </span>
     <span class='ocr_line' id='line_1_9' title="bbox 135 917 1559 1007; baseline 0 -24"><span class='ocrx_word' id='word_1_49' title='bbox 135 922 224 985; x_wconf 91' lang='lat' dir='ltr'><strong>est</strong></span> <span class='ocrx_word' id='word_1_50' title='bbox 246 969 259 983; x_wconf 92' lang='lat'><strong>.</strong></span> <span class='ocrx_word' id='word_1_51' title='bbox 315 922 567 983; x_wconf 88' lang='lat' dir='ltr'><strong>Totum</strong></span> <span class='ocrx_word' id='word_1_52' title='bbox 586 919 763 982; x_wconf 86' lang='lat' dir='ltr'><strong>enim</strong></span> <span class='ocrx_word' id='word_1_53' title='bbox 785 922 864 984; x_wconf 83' lang='lat' dir='ltr'><strong>ad</strong></span> <span class='ocrx_word' id='word_1_54' title='bbox 884 917 943 979; x_wconf 87' lang='lat' dir='ltr'><strong>se</strong></span> <span class='ocrx_word' id='word_1_55' title='bbox 964 941 1068 982; x_wconf 90' lang='lat' dir='ltr'><strong>me</strong></span> <span class='ocrx_word' id='word_1_56' title='bbox 1087 920 1251 1007; x_wconf 86' lang='lat' dir='ltr'><strong>rapit</strong></span> <span class='ocrx_word' id='word_1_57' title='bbox 1270 921 1528 1004; x_wconf 79' lang='lat' dir='ltr'><strong>Religio</strong></span> <span class='ocrx_word' id='word_1_58' title='bbox 1544 968 1559 993; x_wconf 94' lang='lat'><em>,</em></span> 
     </span>
     <span class='ocr_line' id='line_1_10' title="bbox 136 1010 1559 1102; baseline -0.001 -26"><span class='ocrx_word' id='word_1_59' title='bbox 136 1037 273 1102; x_wconf 85' lang='lat' dir='ltr'><strong>quae</strong></span> <span class='ocrx_word' id='word_1_60' title='bbox 314 1018 571 1075; x_wconf 72' lang='lat' dir='ltr'><strong>tantum</strong></span> <span class='ocrx_word' id='word_1_61' title='bbox 591 1011 652 1075; x_wconf 86' lang='lat' dir='ltr'><strong>se</strong></span> <span class='ocrx_word' id='word_1_62' title='bbox 690 1013 1184 1098; x_wconf 81' lang='lat' dir='ltr'><strong>quodammodo</strong></span> <span class='ocrx_word' id='word_1_63' title='bbox 1217 1010 1400 1098; x_wconf 88' lang='lat' dir='ltr'><strong>super</strong></span> <span class='ocrx_word' id='word_1_64' title='bbox 1420 1012 1559 1075; x_wconf 88' lang='lat' dir='ltr'><strong>reli-</strong></span> 
     </span>
     <span class='ocr_line' id='line_1_11' title="bbox 136 1102 1561 1194; baseline -0.001 -26"><span class='ocrx_word' id='word_1_65' title='bbox 136 1128 292 1194; x_wconf 83' lang='lat' dir='ltr'><strong>quas</strong></span> <span class='ocrx_word' id='word_1_66' title='bbox 328 1105 511 1167; x_wconf 81' lang='lat' dir='ltr'><strong>effert</strong></span> <span class='ocrx_word' id='word_1_67' title='bbox 535 1150 549 1176; x_wconf 84' lang='lat'>‚</span> <span class='ocrx_word' id='word_1_68' title='bbox 586 1109 906 1192; x_wconf 78' lang='lat' dir='ltr'><strong>quantum</strong></span> <span class='ocrx_word' id='word_1_69' title='bbox 927 1107 1101 1166; x_wconf 76' lang='lat' dir='ltr'><strong>Deus</strong></span> <span class='ocrx_word' id='word_1_70' title='bbox 1124 1102 1252 1192; x_wconf 76' lang='lat' dir='ltr'><strong>ipse</strong></span> <span class='ocrx_word' id='word_1_71' title='bbox 1285 1103 1561 1167; x_wconf 86' lang='lat' dir='ltr'><strong>homini-</strong></span> 
     </span>
     <span class='ocr_line' id='line_1_12' title="bbox 134 1196 1560 1283; baseline -0.001 -23"><span class='ocrx_word' id='word_1_72' title='bbox 134 1196 254 1261; x_wconf 85' lang='lat' dir='ltr'><strong>bus</strong></span> <span class='ocrx_word' id='word_1_73' title='bbox 275 1197 950 1283; x_wconf 81' lang='lat' dir='ltr'><strong>antecellit,quamque</strong></span> <span class='ocrx_word' id='word_1_74' title='bbox 970 1196 1241 1259; x_wconf 79' lang='lat' dir='ltr'><strong>aliarum</strong></span> <span class='ocrx_word' id='word_1_75' title='bbox 1261 1197 1560 1259; x_wconf 83' lang='lat' dir='ltr'><strong>omnium</strong></span> 
     </span>
     <span class='ocr_line' id='line_1_13' title="bbox 136 1287 1560 1376; baseline -0.001 -24"><span class='ocrx_word' id='word_1_76' title='bbox 136 1290 355 1352; x_wconf 84' lang='lat' dir='ltr'><strong>laudes</strong></span> <span class='ocrx_word' id='word_1_77' title='bbox 390 1289 988 1375; x_wconf 63' lang='lat' dir='ltr'><strong>complestimemo</strong></span> <span class='ocrx_word' id='word_1_78' title='bbox 1023 1287 1141 1359; x_wconf 84' lang='lat' dir='ltr'><strong>est,</strong></span> <span class='ocrx_word' id='word_1_79' title='bbox 1185 1289 1446 1376; x_wconf 85' lang='lat' dir='ltr'><strong>quinon</strong></span> <span class='ocrx_word' id='word_1_80' title='bbox 1469 1289 1560 1352; x_wconf 86' lang='lat' dir='ltr'><strong>in-</strong></span> 
     </span>
     <span class='ocr_line' id='line_1_14' title="bbox 135 1377 1558 1466; baseline -0.001 -23"><span class='ocrx_word' id='word_1_81' title='bbox 135 1382 385 1466; x_wconf 83' lang='lat' dir='ltr'><strong>telligat</strong></span> <span class='ocrx_word' id='word_1_82' title='bbox 408 1427 419 1442; x_wconf 90' lang='lat'><strong>.</strong></span> <span class='ocrx_word' id='word_1_83' title='bbox 440 1382 610 1443; x_wconf 87' lang='lat' dir='ltr'><strong>Huic</strong></span> <span class='ocrx_word' id='word_1_84' title='bbox 635 1380 850 1443; x_wconf 82' lang='lat' dir='ltr'><strong>sivein</strong></span> <span class='ocrx_word' id='word_1_85' title='bbox 872 1396 970 1443; x_wconf 82' lang='lat' dir='ltr'><strong>tot</strong></span> <span class='ocrx_word' id='word_1_86' title='bbox 991 1377 1417 1443; x_wconf 65' lang='lat' dir='ltr'><strong>florentissimi</strong></span> <span class='ocrx_word' id='word_1_87' title='bbox 1439 1381 1558 1442; x_wconf 89' lang='lat' dir='ltr'><strong>Re-</strong></span> 
     </span>
     <span class='ocr_line' id='line_1_15' title="bbox 137 1472 1557 1559; baseline -0.001 -24"><span class='ocrx_word' id='word_1_88' title='bbox 137 1475 246 1559; x_wconf 82' lang='lat' dir='ltr'><strong>gni</strong></span> <span class='ocrx_word' id='word_1_89' title='bbox 281 1473 374 1535; x_wconf 85' lang='lat' dir='ltr'><strong>sui</strong></span> <span class='ocrx_word' id='word_1_90' title='bbox 396 1472 751 1535; x_wconf 84' lang='lat' dir='ltr'><strong>Provinciis</strong></span> <span class='ocrx_word' id='word_1_91' title='bbox 787 1473 1189 1536; x_wconf 75' lang='lat' dir='ltr'><strong>vindicandae</strong></span> <span class='ocrx_word' id='word_1_92' title='bbox 1211 1519 1227 1545; x_wconf 87' lang='grc'>,</span> <span class='ocrx_word' id='word_1_93' title='bbox 1264 1473 1557 1545; x_wconf 68' lang='lat' dir='ltr'><strong>tuendae,</strong></span> 
     </span>
     <span class='ocr_line' id='line_1_16' title="bbox 140 1562 1561 1651; baseline -0.002 -23"><span class='ocrx_word' id='word_1_94' title='bbox 140 1562 509 1628; x_wconf 58' lang='lat' dir='ltr'><strong>afferendae:</strong></span> <span class='ocrx_word' id='word_1_95' title='bbox 547 1562 675 1627; x_wconf 85' lang='lat' dir='ltr'><strong>five</strong></span> <span class='ocrx_word' id='word_1_96' title='bbox 695 1581 808 1651; x_wconf 85' lang='lat' dir='ltr'><strong>per</strong></span> <span class='ocrx_word' id='word_1_97' title='bbox 829 1586 1055 1627; x_wconf 87' lang='lat' dir='ltr'><strong>omnes</strong></span> <span class='ocrx_word' id='word_1_98' title='bbox 1088 1581 1403 1627; x_wconf 81' lang='lat' dir='ltr'><strong>terrarum</strong></span> <span class='ocrx_word' id='word_1_99' title='bbox 1431 1565 1561 1650; x_wconf 83' lang='lat' dir='ltr'><strong>pla-</strong></span> 
     </span>
     <span class='ocr_line' id='line_1_17' title="bbox 139 1654 1558 1744; baseline -0.002 -24"><span class='ocrx_word' id='word_1_100' title='bbox 139 1679 247 1743; x_wconf 82' lang='lat' dir='ltr'><strong>gas</strong></span> <span class='ocrx_word' id='word_1_101' title='bbox 266 1654 496 1720; x_wconf 88' lang='lat' dir='ltr'><strong>officiis</strong></span> <span class='ocrx_word' id='word_1_102' title='bbox 518 1703 534 1729; x_wconf 85' lang='lat'>,</span> <span class='ocrx_word' id='word_1_103' title='bbox 568 1677 728 1744; x_wconf 83' lang='lat' dir='ltr'><strong>ope,</strong></span> <span class='ocrx_word' id='word_1_104' title='bbox 764 1656 1141 1718; x_wconf 63' lang='lat' dir='ltr'><strong>auctoritate</strong></span> <span class='ocrx_word' id='word_1_105' title='bbox 1183 1656 1558 1729; x_wconf 78' lang='lat' dir='ltr'><strong>dilatandae,</strong></span> 
     </span>
     <span class='ocr_line' id='line_1_18' title="bbox 139 1747 1558 1837; baseline -0.001 -26"><span class='ocrx_word' id='word_1_106' title='bbox 139 1749 570 1837; x_wconf 82' lang='lat' dir='ltr'><strong>protegendae,</strong></span> <span class='ocrx_word' id='word_1_107' title='bbox 592 1749 975 1820; x_wconf 64' lang='lat' dir='ltr'><strong>muniendae,</strong></span> <span class='ocrx_word' id='word_1_108' title='bbox 999 1770 1076 1811; x_wconf 91' lang='lat' dir='ltr'><strong>eo</strong></span> <span class='ocrx_word' id='word_1_109' title='bbox 1096 1747 1310 1811; x_wconf 87' lang='lat' dir='ltr'><strong>studio</strong></span> <span class='ocrx_word' id='word_1_110' title='bbox 1331 1793 1346 1818; x_wconf 82' lang='lat'>‚</span> <span class='ocrx_word' id='word_1_111' title='bbox 1371 1769 1520 1810; x_wconf 82' lang='lat' dir='ltr'><strong>cura</strong></span> <span class='ocrx_word' id='word_1_112' title='bbox 1540 1794 1558 1821; x_wconf 85' lang='lat'>‚</span> 
     </span>
     <span class='ocr_line' id='line_1_19' title="bbox 140 1839 1560 1928; baseline 0 -26"><span class='ocrx_word' id='word_1_113' title='bbox 140 1841 473 1924; x_wconf 80' lang='lat' dir='ltr'><strong>vigilantia</strong></span> <span class='ocrx_word' id='word_1_114' title='bbox 514 1839 761 1928; x_wconf 87' lang='lat' dir='ltr'><strong>semper</strong></span> <span class='ocrx_word' id='word_1_115' title='bbox 815 1840 1326 1904; x_wconf 87' lang='lat' dir='ltr'>LUDOVICUS</span> <span class='ocrx_word' id='word_1_116' title='bbox 1384 1839 1560 1902; x_wconf 91' lang='lat' dir='ltr'><strong>incu-</strong></span> 
     </span>
     <span class='ocr_line' id='line_1_20' title="bbox 141 1930 1561 2016; baseline -0.001 -21"><span class='ocrx_word' id='word_1_117' title='bbox 141 1930 304 2006; x_wconf 84' lang='lat' dir='ltr'><strong>buit,</strong></span> <span class='ocrx_word' id='word_1_118' title='bbox 328 1949 397 1995; x_wconf 89' lang='lat' dir='ltr'><strong>ut</strong></span> <span class='ocrx_word' id='word_1_119' title='bbox 414 1933 548 2016; x_wconf 84' lang='lat' dir='ltr'><strong>jure</strong></span> <span class='ocrx_word' id='word_1_120' title='bbox 570 1979 585 2004; x_wconf 78' lang='grc'>,</span> <span class='ocrx_word' id='word_1_121' title='bbox 606 1954 677 1994; x_wconf 85' lang='lat' dir='ltr'><strong>ac</strong></span> <span class='ocrx_word' id='word_1_122' title='bbox 699 1932 933 1995; x_wconf 88' lang='lat' dir='ltr'><strong>merito</strong></span> <span class='ocrx_word' id='word_1_123' title='bbox 956 1931 1224 1994; x_wconf 84' lang='lat' dir='ltr'><strong>maximi</strong></span> <span class='ocrx_word' id='word_1_124' title='bbox 1262 1952 1340 1993; x_wconf 86' lang='lat' dir='ltr'><strong>ex</strong></span> <span class='ocrx_word' id='word_1_125' title='bbox 1376 1932 1561 1994; x_wconf 87' lang='lat' dir='ltr'><strong>omni</strong></span> 
     </span>
     <span class='ocr_line' id='line_1_21' title="bbox 139 2024 1560 2111; baseline -0.001 -24"><span class='ocrx_word' id='word_1_126' title='bbox 139 2039 513 2111; x_wconf 83' lang='lat' dir='ltr'><strong>temporum</strong></span> <span class='ocrx_word' id='word_1_127' title='bbox 534 2026 842 2088; x_wconf 76' lang='lat' dir='ltr'><strong>memoria</strong></span> <span class='ocrx_word' id='word_1_128' title='bbox 864 2024 1057 2108; x_wconf 78' lang='lat' dir='ltr'><strong>Regis</strong></span> <span class='ocrx_word' id='word_1_129' title='bbox 1090 2045 1332 2087; x_wconf 85' lang='lat' dir='ltr'><strong>nomen</strong></span> <span class='ocrx_word' id='word_1_130' title='bbox 1369 2025 1560 2110; x_wconf 78' lang='lat' dir='ltr'><strong>adep-</strong></span> 
     </span>
     <span class='ocr_line' id='line_1_22' title="bbox 141 2114 1558 2204; baseline -0.001 -26"><span class='ocrx_word' id='word_1_131' title='bbox 141 2130 244 2178; x_wconf 85' lang='lat' dir='ltr'><strong>tus</strong></span> <span class='ocrx_word' id='word_1_132' title='bbox 279 2114 469 2179; x_wconf 85' lang='lat' dir='ltr'><strong>fuerit</strong></span> <span class='ocrx_word' id='word_1_133' title='bbox 492 2163 508 2189; x_wconf 89' lang='lat'><strong>,</strong></span> <span class='ocrx_word' id='word_1_134' title='bbox 546 2115 733 2204; x_wconf 75' lang='lat' dir='ltr'><strong>seque</strong></span> <span class='ocrx_word' id='word_1_135' title='bbox 770 2119 892 2181; x_wconf 86' lang='lat' dir='ltr'><strong>Dei</strong></span> <span class='ocrx_word' id='word_1_136' title='bbox 923 2117 1301 2180; x_wconf 75' lang='lat' dir='ltr'><strong>immortalis</strong></span> <span class='ocrx_word' id='word_1_137' title='bbox 1336 2136 1558 2178; x_wconf 87' lang='lat' dir='ltr'><strong>mune-</strong></span> 
     </span>
     <span class='ocr_line' id='line_1_23' title="bbox 142 2206 1561 2298; baseline -0.001 -27"><span class='ocrx_word' id='word_1_138' title='bbox 142 2229 208 2272; x_wconf 88' lang='lat' dir='ltr'><strong>re</strong></span> <span class='ocrx_word' id='word_1_139' title='bbox 238 2209 464 2274; x_wconf 84' lang='lat' dir='ltr'><strong>datum</strong></span> <span class='ocrx_word' id='word_1_140' title='bbox 515 2209 704 2274; x_wconf 85' lang='lat' dir='ltr'><strong>nobis</strong></span> <span class='ocrx_word' id='word_1_141' title='bbox 755 2211 914 2274; x_wconf 87' lang='lat' dir='ltr'><strong>olim</strong></span> <span class='ocrx_word' id='word_1_142' title='bbox 951 2206 1128 2273; x_wconf 82' lang='lat' dir='ltr'><strong>fuiffe</strong></span> <span class='ocrx_word' id='word_1_143' title='bbox 1169 2206 1561 2298; x_wconf 83' lang='lat' dir='ltr'><strong>ampliffimis</strong></span> 
     </span>
    </p>

    <p class='ocr_par' dir='ltr' id='par_1_3' title="bbox 960 2297 1559 2364">
     <span class='ocr_line' id='line_1_24' title="bbox 960 2297 1559 2364; baseline -0.005 0"><span class='ocrx_word' id='word_1_144' title='bbox 960 2302 1003 2364; x_wconf 86' lang='lat' dir='ltr'>d</span> <span class='ocrx_word' id='word_1_145' title='bbox 1371 2297 1559 2363; x_wconf 83' lang='lat' dir='ltr'><strong>rebus</strong></span> 
     </span>
    </p>
   </div>
  </div>
 </body>
</html>
