<?xml version="1.0" encoding="UTF-8"?>
<!DOCTYPE html PUBLIC "-//W3C//DTD XHTML 1.0 Transitional//EN"
    "http://www.w3.org/TR/xhtml1/DTD/xhtml1-transitional.dtd">
<html xmlns="http://www.w3.org/1999/xhtml" xml:lang="en" lang="en">
 <head>
  <title>
</title>
<meta http-equiv="Content-Type" content="text/html;charset=utf-8" />
  <meta name='ocr-system' content='tesseract 3.04.00' />
  <meta name='ocr-capabilities' content='ocr_page ocr_carea ocr_par ocr_line ocrx_word'/>
</head>
<body>
  <div class='ocr_page' id='page_1' title='image "./infunereludovici00alam/infunereludovici00alam_0026.png"; bbox 0 0 1945 2807; ppageno 0'>
   <div class='ocr_carea' id='block_1_1' title="bbox 341 166 1769 2181">
    <p class='ocr_par' dir='ltr' id='par_1_1' title="bbox 351 166 1765 420">
     <span class='ocr_line' id='line_1_1' title="bbox 931 166 1185 227; baseline 0 -16"><span class='ocrx_word' id='word_1_1' title='bbox 931 169 950 227; x_wconf 78' lang='lat'><em>&lt;</em></span> <span class='ocrx_word' id='word_1_2' title='bbox 995 170 1037 211; x_wconf 85' lang='lat' dir='ltr'>X</span> <span class='ocrx_word' id='word_1_3' title='bbox 1056 167 1074 210; x_wconf 91' lang='lat' dir='ltr'>I</span> <span class='ocrx_word' id='word_1_4' title='bbox 1091 166 1132 211; x_wconf 93' lang='lat' dir='ltr'>V</span> <span class='ocrx_word' id='word_1_5' title='bbox 1166 166 1185 221; x_wconf 92' lang='lat'><em>)</em></span> 
     </span>
     <span class='ocr_line' id='line_1_2' title="bbox 351 256 1765 342; baseline 0.001 -23"><span class='ocrx_word' id='word_1_6' title='bbox 351 279 478 342; x_wconf 82' lang='lat' dir='ltr'><strong>geS,</strong></span> <span class='ocrx_word' id='word_1_7' title='bbox 497 258 669 320; x_wconf 90' lang='lat' dir='ltr'><strong>unde</strong></span> <span class='ocrx_word' id='word_1_8' title='bbox 690 256 899 319; x_wconf 88' lang='lat' dir='ltr'><strong>omnis</strong></span> <span class='ocrx_word' id='word_1_9' title='bbox 919 256 1177 319; x_wconf 84' lang='lat' dir='ltr'><strong>ducitur</strong></span> <span class='ocrx_word' id='word_1_10' title='bbox 1215 256 1421 320; x_wconf 80' lang='lat' dir='ltr'><strong>civilis</strong></span> <span class='ocrx_word' id='word_1_11' title='bbox 1442 258 1571 320; x_wconf 86' lang='lat' dir='ltr'><strong>vita</strong></span> <span class='ocrx_word' id='word_1_12' title='bbox 1586 305 1601 331; x_wconf 88' lang='lat'>‚</span> <span class='ocrx_word' id='word_1_13' title='bbox 1633 281 1765 323; x_wconf 89' lang='lat' dir='ltr'><strong>non</strong></span> 
     </span>
     <span class='ocr_line' id='line_1_3' title="bbox 351 347 1363 420; baseline -0.001 -9"><span class='ocrx_word' id='word_1_14' title='bbox 351 349 556 413; x_wconf 82' lang='lat' dir='ltr'><strong>solum</strong></span> <span class='ocrx_word' id='word_1_15' title='bbox 580 348 918 420; x_wconf 87' lang='lat' dir='ltr'><strong>invehunt,</strong></span> <span class='ocrx_word' id='word_1_16' title='bbox 939 347 1045 410; x_wconf 85' lang='lat' dir='ltr'><strong>sed</strong></span> <span class='ocrx_word' id='word_1_17' title='bbox 1069 364 1363 412; x_wconf 88' lang='lat' dir='ltr'><strong>tuentur.</strong></span> 
     </span>
    </p>

    <p class='ocr_par' dir='ltr' id='par_1_2' title="bbox 341 441 1769 2181">
     <span class='ocr_line' id='line_1_4' title="bbox 488 441 1761 527; baseline 0.002 -23"><span class='ocrx_word' id='word_1_18' title='bbox 488 444 614 504; x_wconf 87' lang='lat' dir='ltr'><strong>Res</strong></span> <span class='ocrx_word' id='word_1_19' title='bbox 647 442 982 503; x_wconf 85' lang='lat' dir='ltr'><strong>enimvero</strong></span> <span class='ocrx_word' id='word_1_20' title='bbox 1018 441 1305 527; x_wconf 88' lang='lat' dir='ltr'><strong>periculo</strong></span> <span class='ocrx_word' id='word_1_21' title='bbox 1326 487 1340 514; x_wconf 93' lang='lat'>‚</span> <span class='ocrx_word' id='word_1_22' title='bbox 1380 464 1450 505; x_wconf 91' lang='lat' dir='ltr'><strong>ac</strong></span> <span class='ocrx_word' id='word_1_23' title='bbox 1488 441 1761 507; x_wconf 90' lang='lat' dir='ltr'><strong>difficul-</strong></span> 
     </span>
     <span class='ocr_line' id='line_1_5' title="bbox 349 531 1766 622; baseline 0.001 -27"><span class='ocrx_word' id='word_1_24' title='bbox 349 532 584 597; x_wconf 81' lang='lat' dir='ltr'>tatibus</span> <span class='ocrx_word' id='word_1_25' title='bbox 604 533 913 618; x_wconf 89' lang='lat' dir='ltr'><strong>impedita</strong></span> <span class='ocrx_word' id='word_1_26' title='bbox 932 531 1288 596; x_wconf 88' lang='lat' dir='ltr'><strong>videbatur.</strong></span> <span class='ocrx_word' id='word_1_27' title='bbox 1310 535 1568 622; x_wconf 81' lang='lat' dir='ltr'><strong>Qippe</strong></span> <span class='ocrx_word' id='word_1_28' title='bbox 1585 533 1766 597; x_wconf 85' lang='lat' dir='ltr'><strong>unus-</strong></span> 
     </span>
     <span class='ocr_line' id='line_1_6' title="bbox 351 623 1765 712; baseline 0.002 -26"><span class='ocrx_word' id='word_1_29' title='bbox 351 624 615 712; x_wconf 77' lang='lat' dir='ltr'>quisque</span> <span class='ocrx_word' id='word_1_30' title='bbox 635 623 1059 711; x_wconf 82' lang='lat' dir='ltr'>prospiciebat</span> <span class='ocrx_word' id='word_1_31' title='bbox 1074 625 1289 688; x_wconf 87' lang='lat' dir='ltr'><strong>animo</strong></span> <span class='ocrx_word' id='word_1_32' title='bbox 1309 671 1325 696; x_wconf 83' lang='lat'>‚</span> <span class='ocrx_word' id='word_1_33' title='bbox 1342 629 1653 712; x_wconf 88' lang='lat' dir='ltr'><strong>plurimos</strong></span> <span class='ocrx_word' id='word_1_34' title='bbox 1675 624 1765 689; x_wconf 91' lang='lat' dir='ltr'><strong>fo-</strong></span> 
     </span>
     <span class='ocr_line' id='line_1_7' title="bbox 350 716 1764 805; baseline 0.001 -26"><span class='ocrx_word' id='word_1_35' title='bbox 350 738 437 788; x_wconf 81' lang='lat' dir='ltr'><strong>re,</strong></span> <span class='ocrx_word' id='word_1_36' title='bbox 461 717 571 804; x_wconf 90' lang='lat' dir='ltr'><strong>qui</strong></span> <span class='ocrx_word' id='word_1_37' title='bbox 590 717 866 778; x_wconf 82' lang='lat' dir='ltr'>Patriam</span> <span class='ocrx_word' id='word_1_38' title='bbox 891 718 1152 780; x_wconf 81' lang='lat' dir='ltr'><strong>mallent</strong></span> <span class='ocrx_word' id='word_1_39' title='bbox 1174 716 1455 780; x_wconf 85' lang='lat' dir='ltr'><strong>deserere</strong></span> <span class='ocrx_word' id='word_1_40' title='bbox 1472 764 1486 788; x_wconf 83' lang='lat'>,</span> <span class='ocrx_word' id='word_1_41' title='bbox 1522 722 1764 805; x_wconf 64' lang='lat' dir='ltr'><strong>quam,</strong></span> 
     </span>
     <span class='ocr_line' id='line_1_8' title="bbox 350 809 1767 896; baseline 0.001 -26"><span class='ocrx_word' id='word_1_42' title='bbox 350 809 570 896; x_wconf 88' lang='lat' dir='ltr'><strong>iniqua</strong></span> <span class='ocrx_word' id='word_1_43' title='bbox 590 810 894 892; x_wconf 84' lang='lat' dir='ltr'>dogmata</span> <span class='ocrx_word' id='word_1_44' title='bbox 917 833 930 870; x_wconf 91' lang='lat'><strong>:</strong></span> <span class='ocrx_word' id='word_1_45' title='bbox 966 809 1257 895; x_wconf 83' lang='lat' dir='ltr'><strong>ingentes</strong></span> <span class='ocrx_word' id='word_1_46' title='bbox 1297 810 1555 873; x_wconf 84' lang='lat' dir='ltr'><strong>divitias</strong></span> <span class='ocrx_word' id='word_1_47' title='bbox 1591 827 1767 872; x_wconf 87' lang='lat' dir='ltr'><strong>extra</strong></span> 
     </span>
     <span class='ocr_line' id='line_1_9' title="bbox 351 899 1763 988; baseline 0.001 -27"><span class='ocrx_word' id='word_1_48' title='bbox 351 900 562 984; x_wconf 82' lang='lat' dir='ltr'><strong>Regni</strong></span> <span class='ocrx_word' id='word_1_49' title='bbox 581 900 738 963; x_wconf 84' lang='lat' dir='ltr'><strong>fines</strong></span> <span class='ocrx_word' id='word_1_50' title='bbox 757 900 1215 988; x_wconf 84' lang='lat' dir='ltr'><strong>asportaturos:</strong></span> <span class='ocrx_word' id='word_1_51' title='bbox 1233 899 1538 964; x_wconf 86' lang='lat' dir='ltr'><strong>finitimas</strong></span> <span class='ocrx_word' id='word_1_52' title='bbox 1553 903 1763 963; x_wconf 78' lang='lat' dir='ltr'><strong>Haere-</strong></span> 
     </span>
     <span class='ocr_line' id='line_1_10' title="bbox 349 992 1769 1077; baseline 0.002 -24"><span class='ocrx_word' id='word_1_53' title='bbox 349 992 630 1054; x_wconf 76' lang='lat' dir='ltr'><strong>‘cicorum</strong></span> <span class='ocrx_word' id='word_1_54' title='bbox 651 1011 889 1076; x_wconf 79' lang='lat' dir='ltr'><strong>genteS‚</strong></span> <span class='ocrx_word' id='word_1_55' title='bbox 909 995 968 1056; x_wconf 69' lang='lat'><strong>81</strong></span> <span class='ocrx_word' id='word_1_56' title='bbox 987 1015 1160 1057; x_wconf 91' lang='lat' dir='ltr'><strong>arma</strong></span> <span class='ocrx_word' id='word_1_57' title='bbox 1180 994 1247 1056; x_wconf 88' lang='lat' dir='ltr'><strong>in</strong></span> <span class='ocrx_word' id='word_1_58' title='bbox 1267 994 1536 1055; x_wconf 82' lang='lat' dir='ltr'>Galliam</span> <span class='ocrx_word' id='word_1_59' title='bbox 1555 994 1769 1077; x_wconf 65' lang='lat' dir='ltr'><strong>conju-</strong></span> 
     </span>
     <span class='ocr_line' id='line_1_11' title="bbox 350 1084 1767 1173; baseline 0 -27"><span class='ocrx_word' id='word_1_60' title='bbox 350 1101 483 1146; x_wconf 88' lang='lat' dir='ltr'><strong>rata</strong></span> <span class='ocrx_word' id='word_1_61' title='bbox 503 1084 957 1171; x_wconf 84' lang='lat' dir='ltr'><strong>imploraturos</strong></span> <span class='ocrx_word' id='word_1_62' title='bbox 980 1111 995 1147; x_wconf 74' lang='grc' dir='ltr'><strong><em>ε</em></strong></span> <span class='ocrx_word' id='word_1_63' title='bbox 1033 1102 1236 1148; x_wconf 90' lang='lat' dir='ltr'><strong>artem</strong></span> <span class='ocrx_word' id='word_1_64' title='bbox 1254 1131 1271 1157; x_wconf 87' lang='lat'>,</span> <span class='ocrx_word' id='word_1_65' title='bbox 1290 1087 1426 1148; x_wconf 86' lang='lat' dir='ltr'><strong>vim</strong></span> <span class='ocrx_word' id='word_1_66' title='bbox 1450 1133 1465 1157; x_wconf 86' lang='grc'>,</span> <span class='ocrx_word' id='word_1_67' title='bbox 1487 1085 1767 1173; x_wconf 87' lang='lat' dir='ltr'><strong>despera-</strong></span> 
     </span>
     <span class='ocr_line' id='line_1_12' title="bbox 351 1175 1761 1266; baseline 0.001 -29"><span class='ocrx_word' id='word_1_68' title='bbox 351 1178 596 1239; x_wconf 84' lang='lat' dir='ltr'><strong>tionem</strong></span> <span class='ocrx_word' id='word_1_69' title='bbox 619 1176 1038 1251; x_wconf 83' lang='lat' dir='ltr'><strong>adhibituros,</strong></span> <span class='ocrx_word' id='word_1_70' title='bbox 1058 1194 1130 1240; x_wconf 90' lang='lat' dir='ltr'><strong>ut</strong></span> <span class='ocrx_word' id='word_1_71' title='bbox 1149 1200 1182 1240; x_wconf 90' lang='lat' dir='ltr'><strong>a</strong></span> <span class='ocrx_word' id='word_1_72' title='bbox 1202 1175 1550 1266; x_wconf 85' lang='lat' dir='ltr'><strong>propofit0‚</strong></span> <span class='ocrx_word' id='word_1_73' title='bbox 1566 1177 1761 1261; x_wconf 81' lang='lat' dir='ltr'><strong>Regis</strong></span> 
     </span>
     <span class='ocr_line' id='line_1_13' title="bbox 351 1267 1768 1356; baseline 0 -27"><span class='ocrx_word' id='word_1_74' title='bbox 351 1283 639 1331; x_wconf 87' lang='lat' dir='ltr'><strong>mentem</strong></span> <span class='ocrx_word' id='word_1_75' title='bbox 661 1269 1051 1333; x_wconf 85' lang='lat' dir='ltr'><strong>deducerent</strong></span> <span class='ocrx_word' id='word_1_76' title='bbox 1076 1267 1193 1332; x_wconf 88' lang='lat' dir='ltr'><strong>:fic</strong></span> <span class='ocrx_word' id='word_1_77' title='bbox 1216 1269 1364 1333; x_wconf 86' lang='lat' dir='ltr'><strong>belli</strong></span> <span class='ocrx_word' id='word_1_78' title='bbox 1387 1316 1405 1342; x_wconf 80' lang='grc'>,</span> <span class='ocrx_word' id='word_1_79' title='bbox 1421 1286 1612 1356; x_wconf 90' lang='lat' dir='ltr'><strong>atque</strong></span> <span class='ocrx_word' id='word_1_80' title='bbox 1630 1291 1768 1330; x_wconf 80' lang='lat' dir='ltr'><strong>aera-</strong></span> 
     </span>
     <span class='ocr_line' id='line_1_14' title="bbox 353 1361 1766 1447; baseline 0 -24"><span class='ocrx_word' id='word_1_81' title='bbox 353 1361 429 1423; x_wconf 90' lang='lat' dir='ltr'><strong>rii</strong></span> <span class='ocrx_word' id='word_1_82' title='bbox 451 1381 685 1424; x_wconf 81' lang='lat' dir='ltr'><strong>nervos</strong></span> <span class='ocrx_word' id='word_1_83' title='bbox 707 1361 1131 1424; x_wconf 88' lang='lat' dir='ltr'><strong>imminutum</strong></span> <span class='ocrx_word' id='word_1_84' title='bbox 1159 1361 1271 1423; x_wconf 89' lang='lat' dir='ltr'><strong>iri:</strong></span> <span class='ocrx_word' id='word_1_85' title='bbox 1303 1361 1384 1424; x_wconf 90' lang='lat' dir='ltr'><strong>fic</strong></span> <span class='ocrx_word' id='word_1_86' title='bbox 1417 1361 1626 1443; x_wconf 81' lang='lat' dir='ltr'><strong>Regni</strong></span> <span class='ocrx_word' id='word_1_87' title='bbox 1658 1383 1766 1447; x_wconf 90' lang='lat' dir='ltr'><strong>pa-</strong></span> 
     </span>
     <span class='ocr_line' id='line_1_15' title="bbox 350 1451 1768 1539; baseline 0 -24"><span class='ocrx_word' id='word_1_88' title='bbox 350 1474 510 1524; x_wconf 84' lang='lat' dir='ltr'><strong>cem,</strong></span> <span class='ocrx_word' id='word_1_89' title='bbox 530 1453 589 1516; x_wconf 70' lang='lat'><strong>8&lt;</strong></span> <span class='ocrx_word' id='word_1_90' title='bbox 614 1453 1028 1516; x_wconf 85' lang='lat' dir='ltr'><strong>concordiam</strong></span> <span class='ocrx_word' id='word_1_91' title='bbox 1044 1453 1122 1515; x_wconf 90' lang='lat' dir='ltr'><strong>ad</strong></span> <span class='ocrx_word' id='word_1_92' title='bbox 1136 1452 1434 1539; x_wconf 86' lang='lat' dir='ltr'><strong>pristinos</strong></span> <span class='ocrx_word' id='word_1_93' title='bbox 1449 1451 1768 1515; x_wconf 86' lang='lat' dir='ltr'><strong>bellorum</strong></span> 
     </span>
     <span class='ocr_line' id='line_1_16' title="bbox 351 1541 1765 1609; baseline 0 -3"><span class='ocrx_word' id='word_1_94' title='bbox 351 1545 639 1607; x_wconf 81' lang='lat' dir='ltr'><strong>civilium</strong></span> <span class='ocrx_word' id='word_1_95' title='bbox 677 1547 993 1607; x_wconf 84' lang='lat' dir='ltr'><strong>tumultus</strong></span> <span class='ocrx_word' id='word_1_96' title='bbox 1045 1541 1378 1609; x_wconf 86' lang='lat' dir='ltr'><strong>certiffime</strong></span> <span class='ocrx_word' id='word_1_97' title='bbox 1429 1545 1765 1606; x_wconf 85' lang='lat' dir='ltr'><strong>revolven-</strong></span> 
     </span>
     <span class='ocr_line' id='line_1_17' title="bbox 351 1635 1764 1721; baseline -0.002 -23"><span class='ocrx_word' id='word_1_98' title='bbox 351 1637 502 1698; x_wconf 86' lang='lat' dir='ltr'><strong>dam</strong></span> <span class='ocrx_word' id='word_1_99' title='bbox 522 1681 535 1695; x_wconf 94' lang='lat'>.</span> <span class='ocrx_word' id='word_1_100' title='bbox 584 1635 734 1696; x_wconf 83' lang='lat' dir='ltr'><strong>Haec</strong></span> <span class='ocrx_word' id='word_1_101' title='bbox 763 1636 1008 1721; x_wconf 86' lang='lat' dir='ltr'><strong>aliaque</strong></span> <span class='ocrx_word' id='word_1_102' title='bbox 1031 1637 1098 1697; x_wconf 92' lang='lat' dir='ltr'><strong>id</strong></span> <span class='ocrx_word' id='word_1_103' title='bbox 1117 1655 1316 1718; x_wconf 87' lang='lat' dir='ltr'><strong>genus</strong></span> <span class='ocrx_word' id='word_1_104' title='bbox 1336 1638 1403 1697; x_wconf 91' lang='lat' dir='ltr'><strong>in</strong></span> <span class='ocrx_word' id='word_1_105' title='bbox 1419 1635 1764 1697; x_wconf 85' lang='lat' dir='ltr'><strong>hominum</strong></span> 
     </span>
     <span class='ocr_line' id='line_1_18' title="bbox 352 1725 1765 1814; baseline -0.001 -25"><span class='ocrx_word' id='word_1_106' title='bbox 352 1749 461 1790; x_wconf 89' lang='lat' dir='ltr'><strong>ore</strong></span> <span class='ocrx_word' id='word_1_107' title='bbox 480 1725 891 1790; x_wconf 81' lang='lat' dir='ltr'><strong>versabantur</strong></span> <span class='ocrx_word' id='word_1_108' title='bbox 908 1773 922 1798; x_wconf 85' lang='grc'>,</span> <span class='ocrx_word' id='word_1_109' title='bbox 953 1749 1089 1814; x_wconf 85' lang='lat' dir='ltr'><strong>quae</strong></span> <span class='ocrx_word' id='word_1_110' title='bbox 1110 1728 1213 1788; x_wconf 86' lang='lat' dir='ltr'><strong>vel</strong></span> <span class='ocrx_word' id='word_1_111' title='bbox 1231 1748 1497 1811; x_wconf 86' lang='lat' dir='ltr'><strong>magnos</strong></span> <span class='ocrx_word' id='word_1_112' title='bbox 1517 1727 1765 1788; x_wconf 87' lang='lat' dir='ltr'><strong>animos</strong></span> 
     </span>
     <span class='ocr_line' id='line_1_19' title="bbox 351 1816 1760 1905; baseline -0.001 -23"><span class='ocrx_word' id='word_1_113' title='bbox 351 1817 731 1882; x_wconf 86' lang='lat' dir='ltr'><strong>conturbare</strong></span> <span class='ocrx_word' id='word_1_114' title='bbox 750 1865 766 1890; x_wconf 87' lang='grc'>,</span> <span class='ocrx_word' id='word_1_115' title='bbox 801 1841 871 1881; x_wconf 91' lang='lat' dir='ltr'><strong>ac</strong></span> <span class='ocrx_word' id='word_1_116' title='bbox 890 1817 1176 1903; x_wconf 81' lang='lat' dir='ltr'><strong>frangere</strong></span> <span class='ocrx_word' id='word_1_117' title='bbox 1194 1817 1577 1905; x_wconf 75' lang='lat' dir='ltr'><strong>potuissent3</strong></span> <span class='ocrx_word' id='word_1_118' title='bbox 1615 1816 1723 1880; x_wconf 89' lang='lat' dir='ltr'><strong>sed</strong></span> <span class='ocrx_word' id='word_1_119' title='bbox 1744 1863 1760 1889; x_wconf 84' lang='grc'>,</span> 
     </span>
     <span class='ocr_line' id='line_1_20' title="bbox 352 1907 1764 1974; baseline -0.003 0"><span class='ocrx_word' id='word_1_120' title='bbox 352 1928 422 1974; x_wconf 87' lang='lat' dir='ltr'><strong>ut</strong></span> <span class='ocrx_word' id='word_1_121' title='bbox 462 1911 682 1974; x_wconf 85' lang='lat' dir='ltr'><strong>saxum</strong></span> <span class='ocrx_word' id='word_1_122' title='bbox 716 1911 857 1973; x_wconf 89' lang='lat' dir='ltr'><strong>irati</strong></span> <span class='ocrx_word' id='word_1_123' title='bbox 894 1913 1085 1974; x_wconf 87' lang='lat' dir='ltr'><strong>maris</strong></span> <span class='ocrx_word' id='word_1_124' title='bbox 1137 1907 1433 1974; x_wconf 59' lang='lat' dir='ltr'><strong>fluctibus</strong></span> <span class='ocrx_word' id='word_1_125' title='bbox 1480 1909 1764 1973; x_wconf 86' lang='lat' dir='ltr'><strong>verbera-</strong></span> 
     </span>
     <span class='ocr_line' id='line_1_21' title="bbox 352 2003 1762 2075; baseline 0 -11"><span class='ocrx_word' id='word_1_126' title='bbox 352 2019 527 2075; x_wconf 81' lang='lat' dir='ltr'><strong>tum,</strong></span> <span class='ocrx_word' id='word_1_127' title='bbox 564 2004 872 2066; x_wconf 86' lang='lat' dir='ltr'><strong>immotus</strong></span> <span class='ocrx_word' id='word_1_128' title='bbox 894 2003 1062 2066; x_wconf 87' lang='lat' dir='ltr'><strong>stetit</strong></span> <span class='ocrx_word' id='word_1_129' title='bbox 1096 2003 1598 2066; x_wconf 89' lang='lat' dir='ltr'>LUDOVICUS</span> <span class='ocrx_word' id='word_1_130' title='bbox 1619 2047 1633 2073; x_wconf 85' lang='lat'><strong>,</strong></span> <span class='ocrx_word' id='word_1_131' title='bbox 1666 2022 1762 2064; x_wconf 92' lang='lat' dir='ltr'><strong>ea-</strong></span> 
     </span>
     <span class='ocr_line' id='line_1_22' title="bbox 341 2093 1762 2181; baseline -0.002 -25"><span class='ocrx_word' id='word_1_132' title='bbox 341 2115 478 2181; x_wconf 80' lang='lat' dir='ltr'><strong>que</strong></span> <span class='ocrx_word' id='word_1_133' title='bbox 514 2116 643 2156; x_wconf 82' lang='lat' dir='ltr'><strong>vox</strong></span> <span class='ocrx_word' id='word_1_134' title='bbox 683 2096 876 2179; x_wconf 88' lang='lat' dir='ltr'><strong>digna</strong></span> <span class='ocrx_word' id='word_1_135' title='bbox 915 2093 1321 2159; x_wconf 86' lang='lat' dir='ltr'><strong>Christianiffi</strong></span> <span class='ocrx_word' id='word_1_136' title='bbox 1333 2116 1439 2155; x_wconf 87' lang='lat' dir='ltr'><strong>mo</strong></span> <span class='ocrx_word' id='word_1_137' title='bbox 1471 2093 1762 2180; x_wconf 89' lang='lat' dir='ltr'><strong>Principe</strong></span> 
     </span>
    </p>
   </div>
   <div class='ocr_carea' id='block_1_2' title="bbox 350 2183 1760 2337">
    <p class='ocr_par' dir='ltr' id='par_1_3' title="bbox 350 2183 1760 2337">
     <span class='ocr_line' id='line_1_23' title="bbox 350 2183 1759 2268; baseline -0.001 -21"><span class='ocrx_word' id='word_1_138' title='bbox 350 2186 569 2249; x_wconf 85' lang='lat' dir='ltr'><strong>audita</strong></span> <span class='ocrx_word' id='word_1_139' title='bbox 606 2186 728 2248; x_wconf 87' lang='lat' dir='ltr'><strong>est:</strong></span> <span class='ocrx_word' id='word_1_140' title='bbox 767 2188 1133 2251; x_wconf 90' lang='lat' dir='ltr'><strong>dummodo</strong></span> <span class='ocrx_word' id='word_1_141' title='bbox 1167 2185 1420 2268; x_wconf 82' lang='lat' dir='ltr'><strong>Religio</strong></span> <span class='ocrx_word' id='word_1_142' title='bbox 1452 2183 1617 2247; x_wconf 85' lang='lat' dir='ltr'>salva</span> <span class='ocrx_word' id='word_1_143' title='bbox 1651 2183 1759 2257; x_wconf 84' lang='lat' dir='ltr'><strong>fit,</strong></span> 
     </span>
     <span class='ocr_line' id='line_1_24' title="bbox 1655 2296 1760 2337; baseline -0.019 0"><span class='ocrx_word' id='word_1_144' title='bbox 1655 2296 1760 2337; x_wconf 89' lang='lat' dir='ltr'><strong>ne-</strong></span> 
     </span>
    </p>
   </div>
  </div>
 </body>
</html>
