1945 2807
1025 152 1046 210 <
1081 149 1130 195 ΙΙ
1156 150 1185 208 ,)

402 258 598 325 quarn
632 236 699 297 in
729 234 1161 300 LUDOVICI
1192 231 1480 322 praesidio
1501 237 1802 303 tutiffime

401 330 684 391 collocav
692 342 823 389 erat
842 373 855 400 ‚
879 327 1370 430 Romanamque
1390 329 1622 391 Sedem
1643 331 1807 392 Filio

401 418 759 485 chariffimo
777 417 1101 490 orbatam,
1140 419 1316 501 cujus
1344 441 1592 491 amore,
1617 435 1806 508 atque

404 512 642 576 3116101
629 528 833 582 itate
865 509 1310 595 ingruentibus
1345 512 1633 599 undique
1676 535 1808 575 ma—

405 605 482 666 lis
519 605 700 665 velut
733 600 1002 674 obsessa‚
1024 598 1426 664 fidentiffime
1450 603 1806 668 nitebatur.

406 699 653 775 Qare,
691 717 895 781 quum
922 694 1034 756 illo
1055 715 1089 755 a
1108 692 1294 756 nobis
1316 715 1395 755 av
1379 692 1570 768 ulfo,
1589 695 1664 758 iis
1693 720 1809 759 nos

408 786 595 851 bonis
632 785 935 849 omnibus
969 784 1267 872 spoliatos
1304 782 1423 848 elle
1460 789 1808 875 comperia-

408 879 668 950 muS‚ad
687 899 823 964 quae
843 876 1149 964 speranda
1181 877 1440 941 divinus
1456 901 1656 966 prope
1680 879 1811 963 ejus

410 985 589 1033 ortus
626 971 876 1032 animos
908 969 1154 1032 nostros
1191 986 1472 1032 erexerat
1495 1017 1509 1042 ,
1549 991 1812 1057 quaeque

413 1059 545 1148 ipse
566 1108 581 1134 ,
600 1062 759 1124 dum
779 1061 1025 1124 Viveret
1042 1107 1058 1133 ‚
1078 1060 1562 1124 cumulatissime
1581 1061 1810 1149 praesti-

413 1154 529 1215 tit:
562 1153 926 1239 nulliusque
946 1152 1019 1216 fit
1053 1168 1228 1214 tanta
1249 1154 1446 1214 animi
1469 1154 1563 1216 vis
1583 1200 1598 1225 ,
1622 1171 1813 1240 atque

414 1242 644 1317 robur,
664 1261 736 1307 ut
753 1243 873 1307 hae
906 1245 1153 1329 ingenti
1173 1244 1529 1307 calamitate
1566 1268 1699 1308 non
1729 1247 1814 1307 la-

414 1334 783 1409 befaRetur,
805 1358 876 1399 ac
895 1338 1060 1424 pene
1081 1338 1378 1400 concidat
1399 1360 1416 1407 3
1448 1359 1580 1399 non
1598 1336 1685 1399 est
1706 1383 1720 1408 ‚
1742 1354 1814 1399 ut

416 1428 696 1516 aliquam
717 1429 995 1492 dicendo
1014 1475 1029 1500 ,
1049 1428 1225 1516 quod
1245 1427 1379 1490 fieri
1397 1425 1549 1491 solet
1573 1476 1588 1501 ,
1608 1428 1816 1491 dolori

419 1521 628 1583 vestro
661 1520 1053 1583 medicinam
1091 1519 1392 1582 adhibere
1416 1565 1431 1591 ,
1459 1519 1812 1605 vobisque)

422 1609 739 1674 clariffimi
752 1611 944 1693 Regis
961 1609 1343 1672 desiderium
1361 1612 1557 1672 lenire
1572 1608 1813 1697 poffim.

423 1704 579 1780 Qae
615 1701 810 1785 igitur
843 1701 912 1763 in
948 1716 1124 1763 tanta
1160 1702 1456 1764 omnium
1492 1701 1817 1764 Ordinum

422 1791 673 1854 tristitia
693 1813 845 1855 meae
865 1808 1071 1878 partes
1093 1808 1277 1854 erunt
1302 1799 1319 1857 Ξ
1366 1796 1466 1856 Eae
1500 1789 1785 1880 profeeh')
1802 1836 1817 1862 ,

424 1899 498 1946 ut
530 1887 683 1946 cum
713 1904 829 1945 Vos
859 1904 1175 1969 nequeam
1208 1882 1286 1946 ab
1320 1900 1605 1945 extremo
1642 1880 1817 1944 luftu

431 1975 763 2046 deducere,
782 1974 1032 2037 salutari
1051 1975 1336 2060 quodam
1355 1973 1613 2036 consilio
1633 1972 1821 2034 altius

428 2065 612 2128 illum
632 2066 858 2127 animis
880 2064 1095 2126 vestris
1118 2063 1379 2148 infigam
1398 2089 1414 2134 ;
1452 2087 1580 2151 quo
1600 2064 1820 2125 admo-

427 2173 619 2222 nente
635 2154 852 2243 fiepius
873 2178 989 2219 vos
1010 2154 1248 2227 subeat,
1269 2171 1647 2243 maneatque
1666 2153 1823 2216 sem-

1737 2243 1829 2331 pi-
