1945 2807
139 1192 224 1221 αις.

906 166 1238 224 (xxxn)

364 254 680 324 stolicam‚
719 253 1160 317 &Romanam
1179 254 1407 317 Fidem
1439 258 1625 320 unice
1668 282 1772 322 co·

363 346 536 409 luisse
556 391 570 417 ,
608 344 795 434 seque
819 346 1063 430 ingenti
1083 346 1308 409 solatio
1338 347 1771 413 morientem

362 437 546 510 affici,
566 442 743 524 quod
766 439 1074 500 ultimum
1094 440 1160 500 in
1179 439 1403 501 eadem
1421 439 1576 502 Fide
1597 441 1771 503 diem

361 529 475 595 fibi
527 530 825 592 claudere
877 531 1277 614 contingeret
1328 576 1342 591 .
1393 530 1466 592 Id
1520 555 1770 595 unum-⁹

358 619 831 710 praeclariffimis
881 621 998 683 illis
1036 623 1200 685 Viris
1232 668 1248 694 ‚
1283 644 1443 709 quos
1477 624 1772 686 Maximo

359 714 604 800 Nepoti
675 712 1065 776 instituendo
1118 712 1480 800 praefecerat
1519 760 1534 786 ,
1594 736 1770 778 com-

358 806 722 877 mendavit,
764 821 834 867 ut
857 805 921 867 in
941 805 1164 893 primis
1201 807 1479 890 Regium
1496 807 1771 869 Puerum

359 894 556 959 solam
591 897 755 959 hanc
777 897 1186 981 Religionem
1223 899 1464 968 colere,
1501 918 1571 959 ac
1605 900 1769 960 tueri

359 991 698 1051 docerent:
732 987 968 1051 scilicet
1004 1011 1137 1051 non
1171 989 1503 1073 ignorabat
1536 995 1607 1050 ea
1645 1011 1770 1051 una

262 1141 267 1169 i
303 1148 338 1179 ,μ
363 1081 602 1144 virtute
646 1082 771 1164 (ut
810 1078 1157 1143 Theodosii
1198 1082 1277 1144 ad
1314 1080 1589 1144 haeredes
1625 1079 1766 1143 suos

360 1172 696 1260 postremis
733 1170 943 1234 verbis
978 1173 1173 1254 utar)
1209 1171 1285 1240 δέ)
1299 1190 1512 1257 pacem
1547 1170 1768 1255 confi’r-

357 1265 541 1336 vari,
579 1264 798 1328 bellum
832 1263 1110 1347 extingui
1146 1309 1160 1335 ‚
1192 1261 1410 1346 hostem
1450 1264 1519 1327 in
1528 1262 1763 1347 fugam

354 1356 553 1427 verti,
582 1354 848 1441 trophaea
885 1355 1083 1437 erigi,
1120 1354 1197 1422 δὲ)
1233 1350 1566 1417 vicfioriam
1604 1353 1766 1416 deni-

355 1467 468 1532 que
492 1444 789 1530 constare.
845 1446 1118 1526 Qalem
1157 1446 1372 1533 itaque
1405 1444 1764 1517 Catholici,

357 1537 843 1627 incorruptique
878 1537 1219 1621 Dogmatis
1256 1537 1620 1608 vindicem,
1671 1554 1760 1600 at-

357 1650 478 1715 que
513 1644 1005 1716 propagatorem
1040 1626 1154 1690 fibi
1183 1628 1438 1715 pridem
1485 1627 1758 1691 Ecclesia

355 1719 560 1782 fuerat
608 1720 930 1807 pollicita,
966 1741 1167 1807 quum
1215 1720 1760 1784 LUDOVICUM

353 1811 599 1874 Divino
632 1832 896 1874 munere
935 1810 1206 1897 accepit,
1241 1812 1438 1872 talem
1473 1808 1759 1897 profecto

352 1919 609 1991 experta
631 1902 751 1965 est.
804 1902 980 1981 Qid
1003 1902 1287 1963 enimilli
1322 1902 1486 1965 inter
1521 1918 1648 1974 tot,
1686 1923 1756 1964 ae

349 2011 545 2067 tanta,
565 2011 673 2058 aut
696 1997 955 2058 Naturae
973 2039 987 2065 2,
1009 2008 1114 2055 aut
1136 1995 1429 2057 Fortunoe
1450 2040 1466 2065 ,
1485 2009 1591 2055 aut
1616 1993 1755 2057 Vir-

350 2088 505 2149 tutis
549 2101 925 2148 ornamenta
966 2085 1187 2147 datum
1224 2082 1344 2147 fuit
1386 2130 1400 2155 ‚
1440 2084 1614 2173 quod
1674 2084 1754 2146 ad

348 2176 558 2264 ipsum
579 2176 1120 2263 amplificandum,
1134 2176 1621 2329 ornanduchtiie
1640 2172 1752 2237 fibi

1577 2284 1753 2328 atUU]
