1945 2807
873 169 892 226 (
928 168 1180 212 XXVIII
1215 168 1235 224 )

348 257 442 316 nis
462 254 843 326 imbuerent,
868 254 1101 341 quibus
1122 256 1357 319 exculti
1375 258 1560 320 citius
1583 281 1759 322 men-

348 348 427 409 tis
447 348 668 408 oculos
703 347 782 408 ad
804 346 1173 409 Christianae
1197 349 1761 412 veritatisluce1n.‚

348 438 661 524 aperirent
684 484 696 497 .
748 440 828 499 Et
857 460 936 499 ne
969 439 1303 525 quidpiam
1335 443 1411 503 ad
1437 438 1761 503 sanctam-„-

347 533 588 614 Legem
607 530 1004 599 tradendam,
1027 531 1578 618 evulgandamque
1599 532 1766 595 dees-

349 620 436 683 set
457 667 471 691 ,
494 623 830 708 plerosque
862 618 1181 684 sacrorum
1215 625 1452 707 peritos
1500 625 1763 709 perenni

347 735 545 800 opum
575 712 864 794 largitate
886 711 1129 775 ibidem
1162 714 1436 776 detinuit
1457 759 1470 774 .
1503 715 1576 776 Id
1611 737 1765 801 quo-

349 825 471 890 que
491 801 603 866 fibi
625 799 800 864 milla
822 805 901 865 ad
921 804 1117 865 Siami
1136 805 1383 888 Regem
1415 807 1765 888 Legatione

345 893 679 983 proposuit
716 896 946 980 (quod
966 911 1119 957 tunc
1143 894 1285 958 sane
1309 894 1569 958 feliciter
1606 899 1763 959 acci-

349 987 498 1067 dit)
533 1002 603 1047 ut
640 984 892 1048 debitus
927 1007 1089 1049 Verae
1113 988 1431 1070 Religioni
1461 988 1666 1051 cultus
1701 990 1768 1051 in

347 1078 477 1161 ejus
498 1079 724 1160 Regno
760 1095 1126 1159 augeretur:
1163 1080 1334 1141 hunc
1370 1080 1615 1161 magnis
1648 1080 1763 1141 im-

346 1166 550 1257 pensis
589 1170 654 1229 in
688 1166 1014 1237 Persarum
1048 1169 1406 1231 Provinciis
1429 1169 1766 1232 stabilivit:

347 1261 519 1323 hunc
542 1259 718 1344 Syris
738 1304 753 1330 ,
792 1280 862 1320 ac
901 1260 1240 1322 Maronitis
1263 1307 1278 1330 ,
1310 1259 1766 1343 obstringendo

348 1349 462 1414 fibi
497 1372 704 1412 annua
753 1348 1052 1435 pensione
1112 1351 1448 1435 primarios
1499 1372 1766 1414 earum„-

349 1443 657 1505 Gentium
676 1439 1027 1511 AntistiteS‚
1046 1441 1531 1503 commendavit
1551 1466 1564 1503 :
1594 1442 1769 1507 hunc

351 1533 630 1621 denique
669 1532 732 1592 in
756 1530 1057 1594 omnibus
1089 1532 1621 1605 Palaestinaelocis,
1659 1531 1772 1595 ubi

352 1626 508 1686 datae
527 1623 871 1685 hominum
895 1623 1125 1683 Generi
1163 1621 1375 1684 salutis
1413 1624 1771 1686 veneranda

350 1729 772 1777 monumenta
801 1710 1299 1800 conspiciuntur,
1322 1712 1613 1777 servavit.
1636 1717 1772 1777 Me-

349 1805 619 1868 ministis
653 1804 829 1865 enim
853 1849 868 1873 ,
902 1805 1458 1889 quemadmodum
1490 1823 1704 1893 erepta
1739 1826 1772 1865 e

351 1896 531 1959 sacrae
565 1892 987 1958 Franciscanae
1022 1895 1299 1957 Familiae
1337 1896 1631 1960 manibus
1683 1893 1769 1957 sa-

355 1985 686 2050 cratiffima
723 1985 997 2072 Templa
1030 2031 1045 2056 ‚
1084 2008 1220 2072 quae
1262 1983 1436 2050 ferox
1481 1990 1773 2050 Ottoma-

353 2102 472 2141 nus
510 2079 740 2141 Graecis
774 2098 806 2137 a
840 2077 1179 2140 Catholico
1229 2078 1352 2141 ritu
1399 2079 1616 2140 alienis
1665 2100 1771 2140 cu-

355 2169 688 2234 stodienda
731 2169 1076 2233 tradiderat
1128 2215 1145 2241 ,
1199 2170 1625 2236 LUDOVICI
1659 2169 1770 2321 gn-

1706 2282 1773 2321 U-
