1945 2807
709 196 729 251 <
762 192 921 236 xxv
958 191 975 247 >

139 276 333 358 Qod
367 275 412 339 fi
450 277 527 339 ad
563 275 1073 362 perdomandam
1111 273 1559 361 impietatem,

137 391 271 430 non
317 385 719 454 comparatos
768 366 1080 429 exercitus
1114 411 1130 435 ,
1171 388 1303 427 non
1347 368 1559 453 praelia

141 481 290 521 cum
310 457 588 521 barbaris
629 457 1017 521 Nationibus
1038 455 1366 519 commiffa
1421 456 1560 520 sum

141 551 472 620 allaturu3‚
510 552 957 636 (quamquam
1008 545 1252 634 possem
1297 553 1560 611 Creten-

140 640 271 704 sem
289 688 304 713 ,
326 642 599 728 aliasque
630 639 1095 724 gloriofiffimas
1115 641 1560 726 expeditiones

140 733 490 814 adducere)
507 731 930 818 nolitequoest)
949 748 1239 818 reputare
1259 731 1558 793 Christia-

138 847 231 885 nae
253 826 341 886 rei
375 825 586 886 minus
621 823 912 885 utilitatis
949 820 1248 887 acceffisse
1286 823 1558 885 LUDO-

139 916 317 978 VICI
360 914 609 977 solertia
640 961 655 986 ,
691 913 922 1000 opibus
961 960 976 985 ‚
1013 912 1518 976 existimatione)
1544 958 1559 981 ,

141 1010 336 1092 quam
358 1054 372 1078 ,
396 1028 472 1069 eo
505 1007 746 1068 medias
768 1005 931 1068 inter
950 1004 1110 1067 acies
1145 1000 1525 1066 fulminante
1546 1047 1561 1073 ‚

142 1099 500 1160 redundare
534 1093 833 1183 potuiflet
867 1142 881 1157 .
932 1096 1183 1159 Scilicet
1215 1094 1387 1157 haud
1421 1117 1560 1156 raro

140 1188 558 1252 Barbarorum
586 1203 833 1250 mentes
867 1189 1126 1249 lenitate
1148 1232 1163 1257 ‚
1183 1207 1254 1248 ac
1275 1184 1560 1247 mansue-

140 1280 365 1341 tudine
386 1279 628 1342 facilius
667 1280 746 1341 ad
764 1279 1233 1343 humanitatem
1256 1322 1271 1347 ,
1307 1278 1365 1339 8<
1387 1277 1561 1339 Reli-

141 1370 401 1452 gionem
420 1368 764 1432 flefflmntur
783 1418 799 1443 ,
838 1373 1034 1456 quam
1055 1386 1325 1439 terrore,
1367 1383 1558 1454 atque

144 1463 334 1524 armis
373 1507 386 1522 .
436 1464 767 1545 peragrate
807 1461 1034 1523 animis
1067 1459 1288 1522 vestris
1347 1480 1564 1545 quam-

143 1572 420 1640 cumque
441 1554 636 1616 vultis
670 1569 983 1614 terrarum
1003 1568 1248 1635 partem
1271 1574 1288 1621 3
1321 1550 1563 1612 nullam

143 1645 497 1730 reperietiS,
540 1648 669 1729 quo
706 1644 869 1705 tanti
891 1642 1201 1727 Principis
1234 1660 1356 1727 ope
1379 1641 1563 1702 Fidei

146 1735 369 1797 nostrae
390 1734 686 1819 mysteria
726 1736 806 1797 ad
844 1734 1233 1795 incultarum
1251 1732 1562 1793 Gentium

147 1826 587 1908 cognitionem
609 1824 879 1887 deducta
901 1870 916 1895 ,
951 1825 1067 1885 vel*
1086 1820 1435 1884 honoribus
1465 1843 1561 1883 or-

144 1934 310 1987 nata,
330 1917 429 1977 vel
450 1916 730 1979 liberiori
748 1913 930 1976 cursu
954 1913 1254 2000 prove&a
1274 1934 1407 1974 non
1426 1911 1559 1974 fue-

146 2007 307 2068 rint.
357 2008 678 2069 Animum
700 2007 779 2068 ad
799 2008 1126 2091 Europam
1145 2003 1559 2067 convertitis?

148 2097 384 2159 Graecia
419 2096 752 2159 confestim
787 2097 1060 2159 occurrit
1082 2141 1097 2166 ‚
1130 2095 1558 2181 exhibetque.»

146 2186 331 2252 nobis
366 2191 728 2274 complures
761 2188 939 2252 reclae
984 2186 1212 2250 satores
1260 2186 1565 2251 doctri-nae

992 2279 1009 2338 i
1424 2276 1565 2338 LU-
