1945 2807
920 163 1233 223 (XXIV)

362 259 458 320 dis
477 253 767 320 Ecclefiis
786 251 1621 340 praeficerentunquistudio
1641 256 1779 319 nul·

358 351 477 411 lius
500 347 827 412 Novitatis
848 344 1112 432 abrepti,
1130 343 1424 430 singulari
1459 345 1744 409 doctrina
1763 385 1778 411 ³

361 443 421 504 ἃ
444 441 589 502 vitae
609 438 972 523 integritate
1007 436 1265 523 spectati
1298 435 1529 509 ess'ent3
1565 435 1776 501 fimul-

358 553 481 619 que
505 534 660 594 tales
680 530 891 593 sedula
912 576 927 600 ,
963 529 1197 616 piaque
1227 529 1623 592 institutione
1656 529 1780 591 Re-

356 626 492 708 gios
531 624 852 709 Principes
872 618 1240 704 effingeret,
1275 637 1342 683 ut
1364 644 1499 708 quae
1538 620 1664 707 ipse
1699 623 1779 684 ad

355 716 535 778 Fidei
555 717 829 777 tutelam
861 709 1257 784 confecerat,
1294 711 1450 776 sarta
1488 713 1580 774 illi
1615 713 1777 775 tecta

354 807 671 871 servarent
690 853 703 867 .

493 904 705 981 Qare
727 922 876 962 cum
895 920 1006 985 per
1020 895 1288 982 singulas
1302 898 1511 981 Regni
1531 897 1621 960 sui
1637 899 1781 959 Pro-

354 992 593 1054 vincias
628 1015 746 1078 pro
781 1012 925 1054 vera
967 991 1270 1054 Numinis
1305 990 1645 1073 Religione
1683 1011 1779 1051 res

355 1100 558 1146 tantas
601 1079 849 1167 gesserit
881 1083 1395 1146 LUDOVICUS
1414 1127 1430 1151 ‚
1470 1081 1630 1167 quid
1665 1105 1779 1145 un-

354 1198 549 1264 quam
566 1177 623 1237 ei
645 1175 962 1261 reliquum
981 1170 1260 1259 fuit‚quo
1280 1172 1480 1257 magis
1497 1173 1563 1233 in
1579 1172 1780 1260 ipsam

352 1267 730 1339 studium,ac
745 1267 1149 1328 Voluntatem
1170 1262 1560 1352 suamposset
1582 1264 1781 1326 osten-

353 1362 502 1423 dere
526 1366 542 1423 ?
592 1361 679 1420 At
700 1359 876 1445 quod
900 1360 1002 1418 Vel
1021 1355 1267 1437 ingenti
1298 1355 1777 1441 plurimorum-³

352 1451 576 1539 pietati
598 1449 741 1512 satis
760 1446 879 1511 effe
902 1446 1106 1510 videri
1126 1444 1429 1533 potuisset
1452 1492 1468 1517 ‚
1503 1448 1558 1508 ei
1575 1445 1781 1534 profe-

353 1544 454 1605 ἃὸ
473 1565 603 1603 non
628 1539 749 1603 fuit
769 1586 782 1600 .
834 1539 1067 1602 Noluit
1107 1535 1275 1600 hisce
1313 1538 1462 1601 licet
1483 1535 1777 1625 ampliffi-

353 1634 474 1695 mis
495 1631 691 1695 officii
709 1631 1003 1693 terminis
1027 1629 1420 1700 incredibile,
1443 1629 1779 1691 eximium-

355 1746 476 1812 que
498 1745 643 1807 erga
677 1723 1121 1784 Immortalem
1145 1724 1359 1784 Deum
1398 1717 1780 1806 obsequium

354 1815 537 1879 suum
560 1814 908 1878 contineri:
943 1812 1229 1901 superare
1251 1811 1414 1896 juffit
1433 1813 1778 1875 Galliarum

352 1906 525 1980 fines,
545 1923 835 1993 totumq3.
849 1921 1158 1967 terrarum
1179 1904 1424 1968 Orbem
1457 1924 1776 1991 percurre·

353 2021 418 2060 re
441 2047 452 2060 .
472 2002 653 2061 Hanc
672 1997 1058 2085 postremam
1080 1997 1261 2079 regiae
1284 1997 1487 2058 laudis
1505 2011 1773 2083 partem,

354 2089 463 2154 etsi
496 2088 897 2154 brevioribus
939 2087 1147 2151 verbis
1172 2133 1187 2158 ,
1216 2104 1289 2149 ut
1323 2107 1427 2148 me
1468 2086 1777 2173 temporis

352 2204 427 2243 an
437 2181 648 2266 gustiae
671 2196 1106 2263 cogunt,nunc
1129 2180 1468 2242 dicendam
1489 2177 1774 2264 suscipio.

1578 2269 1775 2350 Qod
