1945 2807
685 185 965 246 <XXVII
1004 186 1037 241 >μ

144 276 325 338 dotes
343 319 358 345 ‚
393 273 503 361 qui
526 289 631 337 aut
655 272 982 338 schismate
1005 274 1347 357 disjunfitos
1368 296 1565 337 cum-o

143 367 434 428 Romana
468 364 739 428 Ecclesia
775 366 1257 430 reconciliarent
1277 413 1290 435 ‚
1324 381 1430 428 aut
1470 364 1564 428 su-

145 457 587 543 perstitionem
622 479 698 519 ex
718 458 837 520 illis
854 459 1011 520 olim
1047 455 1432 520 sanffiffimis
1450 474 1567 519 ter-

147 550 231 611 ris
249 550 610 620 evellerent,
631 566 737 611 aut
758 548 1020 612 difficile
1041 547 1567 612 herbescentem„

144 641 497 724 Religionis
517 638 792 723 segetem
816 642 1153 724 diligenter
1184 641 1529 703 educerent
1550 686 1565 710 ‚

146 752 217 792 ac
235 748 692 817 propagarent.
743 735 842 795 De
875 732 1235 796 revocanda
1267 733 1347 793 ad
1383 731 1568 795 Chri-

146 822 222 885 sti
241 824 433 885 Ovile
469 822 808 908 AEthiopia
831 821 1048 910 saep‘ius
1069 823 1377 906 cogitavit
1399 847 1416 894 ;
1453 844 1568 884 nec

149 913 389 976 destitit
413 914 500 975 rei
522 914 811 996 gerendae
832 915 991 977 inire
1011 914 1283 977 consilia.
1304 915 1569 985 Tuneti,

142 1005 313 1085 Juliae
334 1003 626 1066 Caesareae
650 1052 666 1076 ‚
696 1025 808 1090 per
830 1026 1094 1067 omnem
1114 1006 1573 1068 Mauritaniam

144 1089 279 1179 'ejus
301 1112 477 1157 metu
497 1092 867 1181 permistum
884 1141 898 1166 ‚
935 1113 1005 1158 ut
1027 1097 1346 1158 Catholici
1368 1097 1431 1158 in
1453 1094 1570 1158 ser-

150 1188 429 1250 vitutem
448 1185 706 1248 adduefi
725 1185 1004 1258 liberius,
1028 1208 1099 1249 ac
1120 1188 1321 1249 tutius
1339 1186 1571 1274 possint

152 1277 595 1361 Apostolicam
616 1277 842 1339 Fidem
861 1280 1042 1340 nullo
1064 1280 1128 1340 N
1134 1279 1422 1343 ationum
1453 1275 1572 1339 dis:

157 1368 423 1430 crimine
445 1366 745 1455 profiteri.
770 1368 833 1430 Si
854 1374 1007 1432 vero
1031 1370 1109 1431 de
1124 1367 1285 1440 Asia,
1301 1370 1571 1432 immen-

154 1457 347 1544 {oque
369 1459 477 1520 illo
495 1476 803 1521 terrarum
841 1458 1043 1545 spatio
1075 1459 1434 1522 instituatur
1452 1460 1571 1521 ser-

154 1572 286 1619 mo,
309 1557 417 1636 qui
438 1550 572 1612 fieri
592 1550 799 1635 potest
817 1594 832 1620 ,
869 1566 940 1611 ut
963 1551 1271 1612 Oratione
1290 1554 1571 1637 comple-

156 1640 430 1711 &amum
452 1643 647 1726 quam
665 1642 855 1724 longe
877 1686 892 1710 ‚
910 1642 1160 1726 lateque
1182 1664 1294 1727 per
1315 1643 1381 1703 id
1403 1643 1573 1704 loco·

154 1754 300 1794 rum
318 1729 618 1793 effuderit
637 1729 759 1792 sese
782 1732 1106 1815 ingeniosa
1139 1730 1574 1794 Christianiffi-

156 1822 251 1884 mi
267 1821 460 1904 Regis
478 1823 712 1907 pietas!
746 1825 920 1884 Nam
960 1824 1016 1884 ἃ
1051 1823 1130 1883 ad
1166 1820 1279 1886 fibi
1311 1846 1569 1911 compa-

158 1911 426 1975 randam
473 1913 768 1975 Sinarum
804 1913 1110 1998 Principis
1143 1915 1575 1987 amicitiam-2,

158 2025 283 2088 qua
318 2003 550 2064 deinde
588 2004 667 2064 ad
701 2003 1032 2066 Idolorum
1067 2006 1335 2068 exitium
1372 2023 1574 2069 utere-

158 2110 262 2154 tur
281 2139 296 2165 ,
317 2094 397 2155 ad
418 2114 564 2156 eum
583 2095 790 2181 plures
812 2094 1149 2157 transmisit
1188 2096 1573 2162 doftiffimos

159 2186 366 2257 Viros,
385 2201 455 2248 ut
475 2184 703 2272 ipsum,
726 2206 994 2274 eamque
1015 2203 1276 2271 gentem
1297 2187 1573 2276 discipli-

1473 2304 1571 2342 ms
