1945 2807
922 153 942 210 (
977 153 1134 196 XXX
1169 151 1189 207 >

352 241 609 327 gerebat
648 245 866 302 curam
895 237 1240 305 haerentem
1279 240 1494 303 animo
1532 267 1545 305 :
1577 243 1621 306 fi
1660 249 1770 333 qui

350 356 382 395 e
418 332 700 397 barbaris
735 331 1103 417 regionibus
1126 334 1191 395 in
1212 333 1485 395 Galliam
1506 333 1564 396 se
1587 336 1770 402 refer-

349 441 491 488 rent
533 424 764 489 Divini
788 424 968 488 verbi
989 442 1443 512 propagatores
1466 473 1480 498 ,
1504 427 1770 492 incredi-

350 517 462 581 bili
481 516 874 580 humanitate
896 517 1035 579 illos
1055 516 1440 604 excipiebat:
1459 541 1606 581 cum
1627 520 1772 606 ipsis

349 610 626 672 rationes
645 607 848 671 inibat
869 655 886 681 ,
924 632 1052 696 quo
1083 610 1270 696 pacto
1308 609 1375 670 in
1395 610 1528 671 dies
1550 604 1770 696 magiS,

347 701 678 787 magisque
712 699 1055 763 hominum
1086 699 1268 762 saluti
1292 702 1771 788 provideretur:

346 790 898 879 percunctabatur³
921 816 1080 855 num
1100 793 1338 879 aliquas
1357 793 1612 877 hujusce
1635 818 1773 857 mu-

347 886 513 947 neris
531 901 738 971 partes
756 883 870 947 fibi
887 886 1160 968 agendas
1178 885 1609 971 relinquerent
1631 894 1649 951 ἓ

486 977 602 1039 His
638 979 904 1039 tandem
937 977 1192 1038 Pietatis
1229 974 1347 1039 suae
1390 999 1773 1040 monumen-

349 1069 430 1131 tis
477 1071 812 1130 cumulum
859 1067 1301 1155 imposuerunt
1348 1066 1774 1154 sapientiffimi

351 1160 550 1222 animi
569 1158 780 1221 sensus
799 1206 815 1231 ,
853 1160 1085 1246 quibus
1103 1181 1304 1247 prope
1326 1176 1565 1221 metam
1587 1161 1773 1222 attin-

350 1273 507 1335 gens
528 1298 542 1323 ‚
581 1251 879 1314 anteactae
900 1252 1046 1313 vitae
1083 1252 1289 1314 studia
1329 1250 1735 1314 confirmavit
1757 1298 1771 1312 .

351 1345 561 1408 Video
581 1367 697 1406 vos
718 1343 929 1405 statim
968 1343 1353 1425 cogitatione
1374 1341 1517 1404 ferri
1553 1345 1656 1405 vel
1694 1343 1775 1405 ad

350 1435 796 1498 admirabilem
815 1435 986 1495 illam
1007 1433 1427 1499 constantiam
1449 1480 1464 1505 ,
1499 1456 1624 1520 qua
1645 1455 1778 1518 gra-

351 1524 678 1591 viffimum
717 1573 733 1600 ,
769 1523 1323 1612 acutiffimumque
1354 1524 1655 1588 morbum
1694 1524 1775 1588 fic

349 1618 641 1679 toleravit
679 1665 694 1689 ,
761 1635 833 1680 ut
888 1617 956 1678 in
1008 1638 1086 1677 eo
1136 1621 1289 1678 cum
1340 1618 1777 1702 reliquarum„

347 1710 660 1772 virtutum
682 1755 698 1781 ,
737 1714 882 1771 ϊὺιῃ
903 1712 1058 1771 Vero
1094 1707 1352 1770 fiammae
1382 1706 1777 1770 fortitudinis

353 1800 591 1885 insigne
632 1803 709 1864 ad
745 1799 1185 1863 Posteritatem
1222 1801 1594 1885 exemplum
1649 1799 1779 1861 edi-

353 1894 518 1965 derit
555 1917 573 1964 3
606 1895 710 1956 vel
755 1893 834 1955 ad
878 1890 1203 1954 heroicam
1256 1891 1452 1953 animi
1483 1890 1772 1977 praestan—

353 1986 510 2046 tiam
543 2032 558 2057 ,
594 2007 719 2072 qua
751 1984 900 2045 licet
942 1983 1170 2046 fractus
1211 1981 1453 2045 viribus
1507 1980 1774 2043 mirifica

355 2077 609 2139 dicendi
629 2076 945 2161 gravitate
976 2073 1201 2139 futurae
1240 2073 1448 2156 Regni
1487 2071 1772 2135 felicitati

352 2167 675 2257 prospexit
697 2215 709 2230 .
762 2171 1010 2232 Verum]
1032 2167 1323 2255 quamvis
1345 2164 1456 2227 ista
1479 2166 1771 2266 maximae

1569 2278 1772 2320 omni-
