1945 2807
725 185 746 243 (
780 183 879 228 XV
916 183 936 241 >

140 271 591 356 negligendam
623 271 833 354 Regni
886 269 1210 332 fortunam
1250 313 1266 340 ,
1302 269 1552 331 vitam,

139 365 338 453 ipsam
374 385 491 451 pro
508 379 642 424 tam
659 360 828 425 felici
847 360 1027 425 causa
1044 359 1517 447 despiciendam
1537 407 1551 422 .

140 463 201 521 O
235 457 481 519 dictum
502 500 517 526 ,
549 456 724 542 quod
758 454 1048 517 animum
1083 475 1218 516 non
1251 453 1552 536 regium-2

141 552 396 612 tantum
417 592 433 618 ,
453 544 559 609 sed
583 546 1041 609 sacerdotalem
1073 547 1261 633 plane
1283 545 1550 607 demon-

140 641 286 704 strat
308 664 323 710 3
343 656 416 701 ut
436 639 590 700 olim
609 640 806 701 S.Leo
821 636 1186 700 Theodofio
1206 637 1554 721 gratulatus

139 732 259 794 est.
309 732 540 815 Igitur,
580 731 757 817 quod
777 747 958 793 antea
992 730 1382 792 deterruerat
1422 750 1553 790 rna·

138 825 302 909 jores
323 822 465 885 suos
499 820 790 905 fingulari
815 822 1108 909 quamvis
1130 818 1552 884 fortitudine,

138 915 436 1003 praeditos
455 962 470 986 ,
509 912 638 998 ipse
658 914 1090 1000 imperterrito
1119 913 1337 976 animo
1356 910 1554 975 susce·

136 1008 269 1094 pit,
303 1029 373 1069 ac
411 1004 769 1094 susceptum
801 1004 1069 1069 feliciter
1119 1002 1389 1068 absolvit
1441 1004 1556 1066 im-

137 1101 443 1170 mortale,
464 1095 1040 1185 ampliffimumque
1060 1094 1318 1168 facinuS,
1325 1097 1405 1158 de
1425 1116 1554 1182 quo

136 1192 311 1253 nulla
333 1211 620 1277 unquam
639 1204 784 1252 aetas
805 1187 1220 1259 conticescet,
1246 1187 1550 1275 quodque

136 1282 430 1344 Romana
448 1281 700 1365 Religio
736 1279 1076 1385 gratiffima
1110 1279 1359 1367 semper
1388 1278 1555 1340 tanti

137 1370 438 1436 facinoris
483 1374 800 1436 memoria
843 1372 1311 1460 prosequetur.
1360 1369 1550 1434 Anti

137 1466 361 1551 quavit
381 1470 445 1530 N
450 1463 789 1527 annetense
808 1468 1184 1535 Decretum,
1204 1479 1553 1561 caeteraque

136 1558 375 1628 omnia,
395 1581 531 1645 quae
551 1579 689 1620 rem
709 1556 1114 1619 Catholicam
1133 1572 1233 1617 tot
1254 1577 1452 1616 annos
1473 1549 1554 1614 af

137 1644 450 1719 flixerant,
474 1649 851 1735 redditaque
873 1647 1198 1731 Legibus
1182 1669 1249 1707 m
1271 1644 1556 1732 perduel-

137 1741 226 1801 les
247 1739 578 1804 severitate
583 1740 948 1827 ,piaculum,
964 1740 1139 1826 quod
1160 1739 1277 1801 illae
1296 1737 1408 1801 fibi
1426 1736 1553 1823 pri-

136 1833 290 1894 dem
327 1831 412 1895 ob
430 1830 830 1920 impensum
814 1831 1029 1918 lmpiis
1050 1828 1421 1892 hominibus
1451 1848 1554 1914 pa-

135 1926 487 1987 trocinium
535 1923 1025 2011 quodammodo
1072 1935 1554 1991 contraxerant,

137 2015 492 2079 luculenter
527 2014 772 2079 absters
778 2031 839 2077 t
887 2014 1057 2077 Hinc
1093 2012 1308 2075 statim
1343 2011 1549 2076 Secta-

137 2107 382 2171 riorum
395 2109 663 2195 Templa
677 2107 874 2171 ruinis
901 2105 1148 2177 obruta,
1172 2104 1553 2204 superstitio-

140 2199 237 2261 nis
257 2199 535 2262 Ministri
558 2202 811 2264 exulare
847 2202 1159 2286 perpetuo
1194 2196 1362 2280 juffi,
1382 2193 1553 2260 nesa-

1426 2288 1553 2349 rius
