1945 2807
752 173 772 230 (
807 169 883 216 xl
917 172 938 228 )

144 258 405 322 infitum
442 257 724 347 ipsorum
744 261 972 322 animis
1006 263 1296 324 curanda:
1333 261 1551 325 alienae

144 351 357 413 salutis
379 351 759 414 defiderium
779 398 794 424 ,
825 349 927 414 sed
950 354 1126 440 quod
1145 354 1552 440 exploratum

142 443 447 506 haberent
467 490 482 515 ,
519 441 680 506 hane
719 466 917 506 unam
954 445 1242 508 ineundae
1279 467 1312 507 a
1329 446 1548 529 Rege,

144 535 356 618 gratiae
376 536 688 597 rationem
710 534 829 599 esse
867 535 1271 600 certissimam
1288 583 1304 609 ‚
1343 535 1387 600 fi
1411 537 1552 623 quis

145 647 265 712 pro
284 627 622 711 Religione
655 649 918 714 operam
937 627 1112 692 suam
1132 630 1551 716 impenderet.

143 717 313 779 Hinc
363 720 602 806 oppida
650 721 984 783 turmatim
1004 769 1019 794 ,
1057 737 1245 808 atque
1294 723 1552 805 integrae

147 809 460 872 Civitates
497 814 529 894 (
550 828 617 873 ut
652 834 784 874 uno
819 812 1019 876 verbo
1053 814 1262 875 dicam
1285 815 1319 896 )
1360 814 1554 875 vicies

145 919 410 964 centena
448 904 716 966 Civium
750 905 953 966 millia
989 906 1214 967 divino
1235 906 1550 967 Lumine)

145 992 464 1065 illustrata,
487 996 845 1058 deducente
862 997 1054 1081 Regis
1074 997 1309 1083 pietate
1330 997 1409 1059 ad
1428 997 1552 1058 Ro-

144 1107 332 1148 mana
355 1086 657 1157 Claustra,
673 1089 844 1150 unde
862 1090 1036 1174 prius
1056 1086 1264 1151 avulsa
1283 1085 1554 1157 fuerant,

147 1179 603 1241 convolarunt.
657 1183 800 1260 Qa
837 1187 988 1244 vero
1024 1179 1381 1267 proborum
1415 1201 1552 1240 om-

143 1269 328 1330 nium
347 1271 808 1353 gratulatione,
845 1295 974 1359 quo
993 1271 1215 1357 plausu
1254 1287 1516 1357 excepta
1538 1317 1554 1343 ,

146 1359 378 1445 quibus
414 1362 608 1424 etiam
641 1363 953 1449 praemiis,
994 1384 1063 1424 ac
1081 1363 1432 1449 privilegiis
1454 1384 1554 1424 au-

145 1451 281 1515 &212
331 1456 506 1514 Cum
527 1455 702 1515 enim
735 1453 1101 1538 hujusmodi
1121 1454 1434 1517 illecebris
1471 1450 1552 1514 fa-

146 1542 266 1604 cile
288 1543 617 1629 capiantur
635 1547 1015 1608 Mortalium
1035 1546 1232 1607 animi
1253 1591 1267 1616 ,
1287 1545 1397 1607 has
1417 1567 1553 1606 om-

144 1655 255 1696 nes
273 1635 593 1720 potentiae,
612 1657 682 1697 ac
699 1635 1130 1698 beneficentiae
1152 1636 1377 1718 regalis
1399 1657 1552 1721 opes

146 1726 226 1788 ad
258 1725 417 1789 bene
435 1729 782 1810 gerendam
803 1774 820 1799 ,
852 1727 1331 1812 fovendamque
1368 1726 1554 1788 Chri-

145 1815 410 1881 stianam
432 1840 569 1879 rem
589 1821 1099 1883 LUDOVICUS
1134 1815 1554 1880 liberaliffime

146 1907 411 1971 effudit.
453 1911 583 1988 Qi
606 1926 820 1972 autem
844 1912 923 1972 ad
940 1909 1070 1972 haec
1083 1932 1216 1972 non
1233 1910 1549 1995 imperan-

146 1999 229 2060 tis
245 2001 454 2082 Regis,
473 2000 580 2063 {ed
594 2023 795 2088 prope
818 2002 1055 2065 orantis
1078 2002 1321 2063 monita
1356 1999 1555 2063 obdu·

147 2090 476 2164 rescerent,
496 2115 604 2155 eos
624 2111 800 2155 metu
825 2142 839 2166 ,
861 2093 1178 2179 minisque
1197 2092 1552 2180 paulatim„

149 2181 470 2256 concuffit‚
491 2183 845 2248 honoribus
860 2185 1061 2247 exuit.
1113 2187 1186 2245 ln
1205 2187 1254 2246 F
1259 2208 1446 2248 orum
1467 2186 1555 2243 in-

1448 2295 1556 2336 vo-
