1945 2807
701 185 1015 244 (XXXI)

147 269 447 336 omnibus
469 268 880 332 admirationi
901 269 1019 335 ess'e
1039 268 1329 340 debeant,
1353 269 1554 332 modo

146 360 326 426 mista
354 360 515 424 facio
537 406 549 420 .
599 362 950 445 Religionis
989 363 1056 423 in
1092 363 1556 426 LUDOVICO

146 455 404 517 laudem
440 451 790 540 prosequor
824 499 839 524 ‚
881 454 983 515 cui
1017 452 1305 538 suprema
1357 453 1558 515 Veluti

148 544 582 634 persoluturus
615 542 825 605 officia
863 590 878 614 ,
919 547 1114 630 quam
1151 543 1407 605 illustria
1447 565 1559 605 vo-

149 636 411 699 luntatis
448 634 598 696 huic
617 633 876 696 summae
894 635 1125 697 virtuti
1159 634 1414 722 penitus
1452 635 1557 695 de-

152 729 298 791 ditae
319 726 691 811 argumenta
710 725 994 812 praebuit!
1015 729 1195 789 Dum
1215 726 1388 788 enim
1409 748 1561 788 cum

152 817 284 905 ipsa
317 834 523 880 morte
559 814 1029 880 confli6taretur
1050 864 1065 889 ,
1116 821 1311 904 quam
1361 818 1561 878 multa

154 909 522 974 san&iffime
544 911 602 971 ἃ
624 908 805 981 dixit,
825 910 883 971 8<
902 908 1051 971 fecit
1074 914 1087 970 !
1139 912 1409 971 Manent
1431 908 1560 970 ani-

152 1024 266 1064 mo
285 1000 490 1063 infixae
513 1047 529 1072 ,
567 1001 1048 1087 manebuntque
1086 998 1333 1088 semper
1368 1020 1559 1062 voces

154 1092 268 1153 illae
288 1138 302 1163 ,
321 1091 552 1178 quibus
584 1092 1084 1154 constantissime
1103 1090 1443 1153 affirmavit
1462 1137 1476 1161 ,
1505 1088 1562 1150 se

157 1183 424 1271 quidem
443 1180 580 1244 satis
601 1180 840 1253 vixisse,
860 1204 976 1245 nec
997 1181 1075 1245 ab
1095 1182 1212 1246 hae
1231 1183 1365 1244 vita
1386 1203 1564 1268 repu-
1610 1177 1614 1182 ’

159 1292 467 1359 gnantem
485 1274 726 1336 divelli:
747 1275 963 1337 dolere
986 1271 1396 1359 solnm,quod
1415 1295 1565 1334 cum

158 1367 595 1452 maximopere
615 1362 967 1452 expetiisset
989 1411 1005 1436 ,
1035 1381 1106 1428 ut
1125 1387 1257 1427 non
1277 1364 1451 1449 prius
1471 1363 1563 1426 vi-

159 1463 225 1519 ta
261 1457 594 1519 excederet
614 1502 628 1528 ‚
663 1459 858 1542 quarn
894 1478 1130 1543 paucos
1168 1455 1565 1518 Galliarunh

162 1547 498 1611 Antistites
518 1570 551 1609 a
569 1548 966 1633 reliquorum
978 1545 1070 1608 sui
1085 1546 1349 1610 Ordinis
1366 1551 1566 1609 Coetu

163 1641 244 1702 de
264 1640 482 1702 recens
501 1639 671 1700 edita
690 1637 1057 1724 Apostolica
1092 1635 1567 1699 Constitutione

164 1731 526 1795 diffidentes
544 1775 559 1802 ‚
578 1732 658 1793 ad
677 1728 915 1791 saniora
950 1727 1203 1792 confilia
1239 1743 1568 1789 revocatos

163 1818 416 1885 vidisset
436 1868 450 1893 ‚
485 1836 766 1882 attamen
788 1820 926 1882 voti
945 1842 1211 1905 compos
1233 1842 1365 1880 non
1385 1816 1566 1881 effet.

165 1914 296 1995 Qi
317 1918 468 1976 vero
489 1911 819 1975 noviffima
851 1911 1215 1973 decedentis
1250 1908 1443 1972 verba
1464 1931 1567 1971 ex-

166 2026 409 2092 cepere,
430 2020 836 2090 compertum
852 2002 1108 2073 habent,
1130 2019 1370 2088 quanto
1394 2024 1569 2063 men-

166 2098 247 2159 tis
285 2097 508 2158 ardore
547 2098 757 2182 palam
779 2091 1080 2180 professus
1118 2091 1305 2156 fuerit
1329 2139 1343 2164 ,
1359 2091 1418 2154 se
1458 2114 1569 2181 per

170 2209 432 2253 omnem
447 2187 593 2252 vitae
615 2183 869 2250 cursum
891 2232 906 2259 ‚
926 2185 1333 2249 Catholicam
1355 2232 1373 2257 ,
1391 2188 1569 2271 Apo-

1452 2275 1571 2337 sto-
