1945 2807
749 174 770 232 (
805 171 914 216 VII
948 171 970 229 )

163 258 438 347 direptio
455 303 470 330 ,
488 257 883 345 populorum
916 257 1125 320 clades
1146 301 1162 327 ‚
1202 257 1569 322 animorum

159 351 473 415 tumultus
495 355 511 413 ἓ
545 354 871 431 Qantam
903 349 1059 412 illud
1081 372 1213 412 non
1234 351 1448 413 minus
1482 349 1569 412 sa·

162 442 497 507 crosanctis
530 438 813 504 Ecclefiae
844 441 1147 504 institutis
1169 487 1185 513 ‚
1230 444 1426 529 quam
1458 437 1572 505 flo-

161 532 509 597 rentiffimo
529 534 759 616 Regno
777 533 1140 595 vastitatem
1164 534 1382 596 intulit
1401 539 1417 597 ?
1439 537 1571 596 Cae-

160 627 312 689 dem
333 623 631 687 anhelans
649 670 665 696 ,
685 624 849 687 truci
869 625 1052 687 vultu
1072 670 1087 695 ,
1124 622 1407 688 furorem
1424 647 1571 687 ocu-

160 717 238 780 lis
261 716 498 805 spirans
538 737 668 779 non
683 738 796 802 per
813 739 1037 779 omnes
1074 718 1274 779 modo
1311 717 1572 779 Provin-

162 809 286 871 cias
305 855 320 880 ,
353 832 487 871 non
506 831 619 896 per
640 806 911 891 singulas
931 809 1246 871 Civitates
1270 854 1284 880 ‚
1320 806 1428 870 sed
1459 828 1572 895 per

161 900 543 963 cunctorum
559 901 1037 987 propemodum
1057 902 1245 962 Lares
1258 899 1575 970 volitavit,

160 991 460 1056 exorbuit
482 992 742 1054 civi-lem
762 988 1130 1074 sanguinem
1144 1038 1162 1065 ,
1201 990 1448 1053 infinita
1467 1013 1572 1053 ex-

163 1081 466 1147 saturavit
489 1082 548 1145 se
568 1085 962 1170 populorum
983 1082 1200 1167 strage.
1219 1081 1573 1145 Cohorruit

163 1177 366 1239 Gallia
388 1221 403 1247 ,
422 1178 576 1237 cum
598 1174 764 1237 vidit
781 1197 914 1237 non
936 1174 1128 1238 semel
1147 1176 1419 1258 Regiam
1439 1177 1576 1236 Ma-

160 1267 446 1351 iestatem
465 1288 498 1327 a
518 1264 874 1330 furentibus
892 1267 1355 1330 Haereticorum
1374 1265 1575 1352 copiis

162 1360 232 1422 in
269 1357 609 1422 discrimen
643 1357 985 1420 adductam
1006 1382 1019 1419 :
1059 1358 1373 1442 ingemuit
1407 1357 1575 1440 deje-

164 1450 292 1513 ctas
310 1451 474 1513 Aras
488 1495 504 1520 ,
522 1448 733 1512 eversa
753 1450 1048 1535 Templa,
1068 1451 1309 1512 dirutas
1330 1447 1535 1512 Urbes
1556 1470 1571 1509 ε

162 1540 512 1626 lachrymis
530 1540 915 1627 prosequuta
933 1540 1019 1602 est
1053 1542 1423 1603 Sacerdotes
1442 1561 1574 1603 ma-

163 1632 366 1696 &atos
382 1678 397 1704 ,
420 1635 605 1693 Sacra
624 1632 842 1694 omnia
861 1629 1028 1694 ferro
1048 1678 1063 1703 ,
1080 1653 1150 1693 ac
1169 1630 1449 1694 flammis
1469 1630 1574 1695 ab-

163 1723 435 1811 sumpta,
450 1724 1132 1810 Divina‚Humanaque
1150 1724 1285 1807 jura
1303 1723 1540 1784 violata
1557 1768 1572 1783 .

163 1817 474 1881 Attamen
511 1815 797 1899 Regibus
833 1816 1014 1877 avitae
1053 1816 1204 1877 licet
1223 1815 1450 1902 pietati
1467 1814 1575 1876 ad-

164 1904 513 1971 diffiffimis
527 1929 660 1969 non
678 1904 798 1969 fuit
814 1922 1069 1969 tantum
1086 1906 1424 1977 roboriS‚ac
1442 1927 1577 1969 ner-

166 2015 492 2070 vorum‚ut
513 1998 843 2085 potuerint
863 1998 1160 2085 improbe
1179 1998 1370 2061 Sectae
1391 1999 1576 2062 auda-

166 2090 334 2154 ciam
356 2087 953 2174 stangere‚furorem
972 2090 1344 2174 extinguere
1368 2135 1380 2150 .
1404 2095 1577 2155 Nam

168 2182 421 2271 quoties
455 2183 760 2247 adversus
795 2181 979 2244 istam
1023 2199 1368 2246 moverunt
1404 2202 1577 2244 arma

1461 2276 1577 2336 Ca-
