1945 2807
928 163 1209 221 (XXII)

360 253 530 317 tibus
554 252 1080 338 dignoscerentur
1101 302 1115 327 ,
1157 275 1228 316 ac
1246 256 1534 343 repetitis
1554 258 1783 324 iftibus

361 347 721 432 inquietam
753 347 1004 409 errandi
1046 346 1373 409 licentiam
1409 371 1542 411 non
1584 354 1782 416 modo

363 437 829 524 compesceret,
872 438 979 500 sed
1015 439 1284 500 omnino
1321 443 1780 505 contunderet.

362 531 690 612 Qoniam
727 533 879 592 Vero
915 552 984 592 ea
1021 530 1118 593 Vis
1160 531 1317 593 inest
1365 533 1783 620 Principum„

360 623 703 707 exemplis,
742 640 811 685 ut
850 626 1063 708 plures
1100 624 1452 686 imitatores
1489 624 1781 699 habeant,

359 715 488 777 dici
511 736 640 775 non
660 714 887 801 potest,
908 714 1139 801 quibus
1159 715 1310 777 inde
1333 715 1602 778 stimulis
1621 719 1781 781 exci-

357 824 486 869 tare
508 803 630 868 sese
653 804 954 869 senserint
974 808 1284 869 Gallicani
1303 807 1641 871 Antistites
1658 855 1673 880 ,
1707 826 1777 872 ut

354 901 433 962 ad
448 898 902 985 extirpandum
918 898 1064 984 peffi
1075 922 1256 961 mum
1271 900 1498 961 erroris
1515 921 1780 984 germen

353 1011 576 1054 omnes
619 990 944 1054 Pastoralis
981 992 1325 1075 vigilantiae
1362 1013 1594 1054 nervos
1632 1015 1778 1055 con-

352 1085 724 1146 tenderent.
774 1085 1022 1145 Aderat
1058 1084 1179 1145 illis
1199 1084 1338 1145 Rex
1361 1131 1374 1153 ,
1417 1085 1475 1145 &
1499 1082 1779 1146 affidua„

352 1174 798 1238 cohortatione
818 1197 1152 1262 nunquam
1175 1175 1311 1237 illos
1343 1196 1568 1257 urgere
1594 1174 1777 1239 cessa-

350 1267 494 1340 bat,
528 1267 714 1330 novis
748 1265 994 1354 semper
1023 1265 1310 1330 subfidiis
1342 1266 1649 1329 instruere
1670 1313 1684 1337 ,
1720 1268 1777 1329 δί

353 1357 760 1423 confirmare.
811 1357 1103 1421 Profecto
1138 1357 1181 1421 fi
1203 1359 1475 1421 velimus
1514 1359 1778 1420 omnia-‚

351 1451 707 1525 recensere,
749 1473 884 1538 quae
923 1472 957 1512 a
997 1450 1460 1515 LUDOVICO
1508 1450 1587 1512 ad
1612 1449 1777 1512 hanc

352 1543 772 1607 obtinendam
795 1564 930 1604 rem
967 1542 1127 1604 adeo
1158 1538 1493 1604 salutarem
1532 1542 1778 1628 praecla·

351 1632 592 1697 rissime
612 1636 780 1718 gesta
801 1632 942 1695 sunt
961 1680 976 1705 ,
1011 1632 1172 1694 nihil
1191 1633 1277 1694 est
1296 1680 1312 1704 ‚
1354 1634 1529 1718 quod
1557 1633 1636 1694 ad
1666 1633 1779 1693 im-

350 1728 616 1789 mortale
657 1727 750 1789 sui
801 1725 1081 1788 nominis
1134 1725 1328 1786 decus
1382 1722 1778 1810 splendidius

353 1841 641 1905 unquam
679 1816 963 1906 praestare
1014 1817 1298 1905 potuerit
1328 1863 1340 1877 .
1395 1814 1773 1878 Consulite)

354 1926 678 1999 quotquot
713 1911 779 1972 in
799 1910 1004 1971 Gallia
1035 1909 1179 1971 sunt
1203 1907 1647 1994 supremorum
1671 1909 1775 1968 Se-

352 2018 621 2065 natuum
641 2003 893 2065 codices
917 2025 930 2062 :
975 2023 1110 2088 quae
1130 2001 1299 2083 leges
1337 1996 1413 2060 ab
1433 1996 1567 2083 ipso
1590 1998 1774 2061 editae

354 2115 486 2155 non
505 2093 715 2156 statim
749 2094 816 2154 in
835 2095 1131 2156 omnium
1156 2092 1354 2153 oculis
1375 2106 1561 2150 erunt
1584 2137 1599 2161 ‚
1636 2089 1773 2176 qui-

354 2183 472 2249 bus
525 2186 904 2249 reluctantes
955 2182 1344 2247 sanstiffimis
1403 2180 1772 2334 hujusmssdi

1714 2292 1774 2332 e-
