1945 2807
731 180 749 235 (
784 179 866 221 IX
902 177 921 233 )

119 269 269 333 faria
287 266 543 354 templa,
565 281 634 327 ut
657 281 858 334 antea,
882 261 1173 349 permiffa
1189 310 1205 335 ,
1242 262 1295 325 ἃ
1324 263 1521 328 libere

120 362 233 424 suo
253 381 432 424 more
464 357 730 420 vivendi
766 353 1025 417 facultas
1046 401 1061 427 ,
1099 356 1373 440 cogendi
1394 380 1523 419 coe-

117 470 253 527 tus,
291 454 594 537 virusque
631 447 1010 512 effundendi
1047 447 1232 511 suum
1267 470 1402 511 non
1435 449 1522 511 est

118 547 449 630 adempta.

254 637 440 700 Unus
489 633 612 695 hoc
676 631 1140 719 praeclariffimo
1192 632 1525 719 triumpho

118 727 547 792 honestandus
582 743 713 787 erat
771 725 1342 806 Qartusdecimus
1388 727 1530 789 LU-

119 820 539 889 DOVICUS,
580 818 824 903 istoque
859 818 1011 878 dato
1048 817 1285 879 eximio
1317 819 1528 880 Eccle-

118 911 212 974 fiae
239 909 552 974 beneficio
572 908 1042 971 immortalitati
1073 909 1527 971 commendan-

120 1004 244 1065 dus
267 1049 280 1064 .
331 1005 550 1089 Itaque
571 1046 585 1072 ‚
623 1018 694 1062 ut
715 1001 874 1062 olim
892 1001 1117 1085 iniquo
1149 1000 1525 1061 Idolorum„

119 1096 294 1157 cultu
339 1093 772 1157 contaminata
803 1094 1012 1171 Judaea
1051 1137 1066 1162 ‚
1105 1090 1351 1153 foedato
1381 1115 1526 1178 pro-

117 1186 344 1273 phanis
366 1185 591 1249 ritibus
611 1185 891 1270 Templo
910 1230 925 1255 ,
966 1183 1181 1269 impiis
1214 1182 1527 1245 sacrifieiis

118 1280 329 1341 Altari
353 1325 368 1350 ,
403 1277 568 1340 solus
599 1297 632 1337 e
668 1275 966 1360 generosa
987 1275 1088 1336 illa
1127 1274 1525 1338 Machabaeo-

120 1392 265 1431 rum
285 1370 492 1457 Stirpe
506 1369 694 1448 Judas
715 1369 1015 1430 inventus
1039 1365 1124 1428 est
1147 1414 1162 1439 ‚
1203 1367 1312 1454 qui
1347 1368 1528 1429 nullo

122 1478 488 1523 commotus
510 1458 793 1546 periculo
824 1460 1000 1521 Idola
1036 1458 1492 1521 comminuerit
1511 1504 1528 1529 ,

121 1573 198 1614 ex
217 1553 525 1638 omnique
541 1551 877 1614 Provincia
895 1552 1142 1611 exulare
1162 1549 1396 1632 jufferit
1436 1547 1531 1611 su-

121 1643 599 1730 perstitionem3
637 1664 773 1703 non
795 1642 950 1703 alius
986 1643 1253 1727 pariter,
1286 1643 1530 1727 quam-⁹

121 1736 629 1798 LUDOVICUS
666 1732 1067 1795 deturbanda
1086 1733 1343 1818 penitus
1361 1753 1394 1792 e
1415 1753 1529 1792 no-

125 1823 423 1888 biliffimo
448 1826 677 1908 Regno
700 1824 1081 1886 Calviniana
1098 1820 1326 1885 Haerefi
1358 1821 1532 1909 supe-

126 1917 369 1978 riorum
389 1917 644 1999 Regum
663 1916 930 1999 gloriam
964 1916 1159 1999 longo
1190 1915 1531 1976 intervallo

127 2005 444 2092 superavit
481 2052 493 2066 .
556 2008 643 2068 At
694 2011 930 2093 quanta
977 2005 1142 2068 istud
1193 2005 1494 2091 sapientia
1514 2051 1530 2076 ‚

128 2104 363 2183 quanta
381 2097 629 2160 solertia
646 2144 660 2170 2
684 2115 925 2184 quanto
944 2098 1140 2159 animi
1161 2096 1390 2160 robore
1410 2143 1425 2168 ,
1461 2117 1531 2158 ac

128 2189 573 2274 magnitudine
608 2191 687 2253 ad
708 2206 1005 2278 optatum
1027 2190 1271 2253 exitum
1299 2188 1532 2275 perdu-

997 2303 1029 2342 e
1398 2277 1532 2340 xit?
